%% Saved with string encoding Unicode (UTF-8) 

@article{name06,
	Author = {Name},
	Date-Added = {2007-09-06 11:30:06 +0200},
	Date-Modified = {2007-09-06 11:30:42 +0200},
	Journal = {Journal of Sth},
	Title = {Title},
	Year = {2006}}

@article{lastname07,
	Author = {Lastname},
	Date-Added = {2007-09-06 11:28:24 +0200},
	Date-Modified = {2007-09-06 11:29:24 +0200},
	Journal = {Journal of Sth},
	Title = {Title},
	Year = {2007}}

@article{Ade:2013zuv,
      author         = "Ade, P.A.R. and others",
      title          = "{Planck 2013 results. XVI. Cosmological parameters}",
      collaboration  = "Planck Collaboration",
      year           = "2013",
      eprint         = "1303.5076",
      archivePrefix  = "arXiv",
      primaryClass   = "astro-ph.CO",
      SLACcitation   = "%%CITATION = ARXIV:1303.5076;%%",
}

@article{Barkana:2000fd,
      author         = "Barkana, Rennan and Loeb, Abraham",
      title          = "{In the beginning: The First sources of light and the
                        reionization of the Universe}",
      journal        = "Phys.Rept.",
      volume         = "349",
      pages          = "125-238",
      doi            = "10.1016/S0370-1573(01)00019-9",
      year           = "2001",
      eprint         = "astro-ph/0010468",
      archivePrefix  = "arXiv",
      primaryClass   = "astro-ph",
      SLACcitation   = "%%CITATION = ASTRO-PH/0010468;%%",
}

@article{Beardsley:2012za,
      author         = "Beardsley, A.P. and Hazelton, B.J. and Morales, M.F. and
                        Arcus, W. and Barnes, D. and others",
      title          = "{The EoR Sensitivity of the 128 Antenna Murchison
                        Widefield Array}",
      year           = "2012",
      eprint         = "1204.3111",
      archivePrefix  = "arXiv",
      primaryClass   = "astro-ph.IM",
      SLACcitation   = "%%CITATION = ARXIV:1204.3111;%%",
}

@article{Becker:2013ffa,
      author         = "Becker, George D. and Bolton, James S.",
      title          = "{New Measurements of the Ionizing Ultraviolet Background
                        over 2 < z < 5 and Implications for Hydrogen
                        Reionization}",
      year           = "2013",
      eprint         = "1307.2259",
      archivePrefix  = "arXiv",
      primaryClass   = "astro-ph.CO",
      SLACcitation   = "%%CITATION = ARXIV:1307.2259;%%",
}

@ARTICLE{2013MNRAS.430.2067B,
   author = {{Becker}, G.~D. and {Hewett}, P.~C. and {Worseck}, G. and {Prochaska}, J.~X.
	},
    title = "{A refined measurement of the mean transmitted flux in the Ly{$\alpha$} forest over 2 < z < 5 using composite quasar spectra}",
  journal = {MNRAS},
archivePrefix = "arXiv",
   eprint = {1208.2584},
 primaryClass = "astro-ph.CO",
 keywords = {intergalactic medium, quasars: absorption lines, cosmology: observations, large-scale structure of Universe},
     year = 2013,
    month = apr,
   volume = 430,
    pages = {2067-2081},
      doi = {10.1093/mnras/stt031},
   adsurl = {http://adsabs.harvard.edu/abs/2013MNRAS.430.2067B},
  adsnote = {Provided by the SAO/NASA Astrophysics Data System}
}

@article{Becker:2014oga,
      author         = "Becker, George D. and Bolton, James S. and Madau, Piero
                        and Pettini, Max and Ryan-Weber, Emma V. and others",
      title          = "{Evidence of patchy hydrogen reionization from an extreme
                        Ly$\alpha$ trough below redshift six}",
      year           = "2014",
      eprint         = "1407.4850",
      archivePrefix  = "arXiv",
      primaryClass   = "astro-ph.CO",
      SLACcitation   = "%%CITATION = ARXIV:1407.4850;%%",
}

@article{Becker:2001ee,
      author         = "Becker, Robert H. and others",
      title          = "{Evidence for reionization at Z ~ 6: Detection of a
                        Gunn-Peterson trough in a Z = 6.28 quasar}",
      collaboration  = "SDSS Collaboration",
      journal        = "Astron.J.",
      volume         = "122",
      pages          = "2850",
      doi            = "10.1086/324231",
      year           = "2001",
      eprint         = "astro-ph/0108097",
      archivePrefix  = "arXiv",
      primaryClass   = "astro-ph",
      reportNumber   = "FERMILAB-PUB-01-471-A",
      SLACcitation   = "%%CITATION = ASTRO-PH/0108097;%%",
}

@ARTICLE{Bolton:2007b,
   author = {{Bolton}, J.~S. and {Haehnelt}, M.~G.},
    title = "{The observed ionization rate of the intergalactic medium and the ionizing emissivity at {$z >= 5$}: evidence for a photon-starved and extended epoch of reionization}",
  journal = {MNRAS},
   eprint = {astro-ph/0703306},
 keywords = {hydrodynamics, methods: numerical, intergalactic medium, quasars: absorption lines, diffuse radiation},
     year = 2007,
    month = nov,
   volume = 382,
    pages = {325-341},
      doi = {10.1111/j.1365-2966.2007.12372.x},
   adsurl = {http://adsabs.harvard.edu/abs/2007MNRAS.382..325B},
  adsnote = {Provided by the SAO/NASA Astrophysics Data System}
}

@ARTICLE{Bolton:2007,
   author = {{Bolton}, J.~S. and {Haehnelt}, M.~G.},
    title = "{The observed ionization rate of the intergalactic medium and the ionizing emissivity at {$z >= 5$}: evidence for a photon-starved and extended epoch of reionization}",
  journal = {MNRAS},
   eprint = {astro-ph/0703306},
 keywords = {hydrodynamics, methods: numerical, intergalactic medium, quasars: absorption lines, diffuse radiation},
     year = 2007,
    month = nov,
   volume = 382,
    pages = {325-341},
      doi = {10.1111/j.1365-2966.2007.12372.x},
   adsurl = {http://adsabs.harvard.edu/abs/2007MNRAS.382..325B},
  adsnote = {Provided by the SAO/NASA Astrophysics Data System}
}

@article{Bouwens:2009qs,
      author         = "Bouwens, R.J. and Illingworth, G.D. and Labbe, I. and
                        Oesch, P.A. and Trenti, M. and others",
      title          = "{A candidate redshift z ~ 10 galaxy and rapid changes in
                        that population at an age of 500 Myr}",
      journal        = "Nature",
      volume         = "469",
      pages          = "504-507",
      doi            = "10.1038/nature09717",
      year           = "2011",
      eprint         = "0912.4263",
      archivePrefix  = "arXiv",
      primaryClass   = "astro-ph.CO",
      SLACcitation   = "%%CITATION = ARXIV:0912.4263;%%",
}

@article{Bolton:2011vb,
      author         = "Bolton, James S. and Haehnelt, Martin G. and Warren,
                        Stephen J. and Hewett, Paul C. and Mortlock, Daniel J. and
                        others",
      title          = "{How neutral is the intergalactic medium surrounding the
                        redshift z=7.085 quasar ULAS J1120+0641?}",
      year           = "2011",
      eprint         = "1106.6089",
      archivePrefix  = "arXiv",
      primaryClass   = "astro-ph.CO",
      SLACcitation   = "%%CITATION = ARXIV:1106.6089;%%",
}

@ARTICLE{2013MNRAS.429.1695B,
   author = {{Bolton}, J.~S. and {Haehnelt}, M.~G.},
    title = "{On the rapid demise of Ly {$\alpha$} emitters at redshift z {$\gtrsim$} 7 due to the increasing incidence of optically thick absorption systems}",
  journal = {MNRAS},
archivePrefix = "arXiv",
   eprint = {1208.4417},
 primaryClass = "astro-ph.CO",
 keywords = {galaxies: high-redshift, intergalactic medium, quasars: absorption lines, dark ages, reionization, first stars},
     year = 2013,
    month = feb,
   volume = 429,
    pages = {1695-1704},
      doi = {10.1093/mnras/sts455},
   adsurl = {http://adsabs.harvard.edu/abs/2013MNRAS.429.1695B},
  adsnote = {Provided by the SAO/NASA Astrophysics Data System}
}

@article{Bouwens:2011xu,
      author         = "Bouwens, R.J. and Illingworth, G.D. and Oesch, P.A. and
                        Trenti, M. and Labbe, I. and others",
      title          = "{Lower-Luminosity Galaxies could reionize the Universe:
                        Very Steep Faint-End Slopes to the UV Luminosity Functions
                        at {$z \geq 5-8$} from the HUDF09 WFC3/IR Observations}",
      year           = "2011",
      eprint         = "1105.2038",
      archivePrefix  = "arXiv",
      primaryClass   = "astro-ph.CO",
      SLACcitation   = "%%CITATION = ARXIV:1105.2038;%%",
}

@article{Bowman:2005cr,
      author         = "Bowman, Judd D. and Morales, Miguel F. and Hewitt,
                        Jacqueline N.",
      title          = "{The Sensitivity of first generation epoch of
                        reionization observatories and their potential for
                        differentiating theoretical power spectra}",
      journal        = "Astrophys.J.",
      volume         = "638",
      pages          = "20-26",
      doi            = "10.1086/498703",
      year           = "2006",
      eprint         = "astro-ph/0507357",
      archivePrefix  = "arXiv",
      primaryClass   = "astro-ph",
      SLACcitation   = "%%CITATION = ASTRO-PH/0507357;%%",
}

@article{Bowman:2005hj,
      author         = "Bowman, Judd D. and Morales, Miguel F. and Hewitt,
                        Jacqueline N.",
      title          = "{Constraints on fundamental cosmological parameters with
                        upcoming epoch of reionization observations}",
      journal        = "Astrophys.J.",
      volume         = "661",
      pages          = "1-9",
      doi            = "10.1086/516560",
      year           = "2007",
      eprint         = "astro-ph/0512262",
      archivePrefix  = "arXiv",
      primaryClass   = "astro-ph",
      SLACcitation   = "%%CITATION = ASTRO-PH/0512262;%%",
}

@article{Bowman:2008mk,
      author         = "Bowman, Judd D. and Morales, Miguel F. and Hewitt,
                        Jacqueline N.",
      title          = "{Foreground Contamination in Interferometric Measurements
                        of the Redshifted 21 cm Power Spectrum}",
      journal        = "Astrophys.J.",
      volume         = "695",
      pages          = "183-199",
      doi            = "10.1088/0004-637X/695/1/183",
      year           = "2009",
      eprint         = "0807.3956",
      archivePrefix  = "arXiv",
      primaryClass   = "astro-ph",
      SLACcitation   = "%%CITATION = ARXIV:0807.3956;%%",

}

@article{Chapman:2012yj,
      author         = "Chapman, Emma and Abdalla, Filipe B. and Harker, Geraint
                        and Jelic, Vibor and Labropoulos, Panagiotis and others",
      title          = "{Foreground Removal using FastICA: A Showcase of
                        LOFAR-EoR}",
      journal        = "Mon.Not.Roy.Astron.Soc.",
      volume         = "423",
      pages          = "2518-2532",
      doi            = "10.1111/j.1365-2966.2012.21065.x",
      year           = "2012",
      eprint         = "1201.2190",
      archivePrefix  = "arXiv",
      primaryClass   = "astro-ph.CO",
      SLACcitation   = "%%CITATION = ARXIV:1201.2190;%%",
}

@article{Chornock:2013una,
      author         = "Chornock, Ryan and Berger, Edo and Fox, Derek B. and
                        Lunnan, Ragnhild and Drout, Maria R. and others",
      title          = "{GRB 130606A as a Probe of the Intergalactic Medium and
                        the Interstellar Medium in a Star-forming Galaxy in the
                        First Gyr After the Big Bang}",
      journal        = "Astrophys.J.",
      volume         = "774",
      pages          = "26",
      doi            = "10.1088/0004-637X/774/1/26",
      year           = "2013",
      eprint         = "1306.3949",
      archivePrefix  = "arXiv",
      primaryClass   = "astro-ph.CO",
      SLACcitation   = "%%CITATION = ARXIV:1306.3949;%%",
}

@article{Ciardi:2003hg,
      author         = "Ciardi, Benedetta and Madau, Piero",
      title          = "{Probing beyond the epoch of hydrogen reionization with
                        21 centimeter radiation}",
      journal        = "Astrophys.J.",
      volume         = "596",
      pages          = "1-8",
      doi            = "10.1086/377634",
      year           = "2003",
      eprint         = "astro-ph/0303249",
      archivePrefix  = "arXiv",
      primaryClass   = "astro-ph",
      SLACcitation   = "%%CITATION = ASTRO-PH/0303249;%%",
}

@article{Cooke:2013cba,
      author         = "Cooke, Ryan and Pettini, Max and Jorgenson, Regina A. and
                        Murphy, Michael T. and Steidel, Charles C.",
      title          = "{Precision measures of the primordial abundance of
                        deuterium}",
      year           = "2013",
      eprint         = "1308.3240",
      archivePrefix  = "arXiv",
      primaryClass   = "astro-ph.CO",
      SLACcitation   = "%%CITATION = ARXIV:1308.3240;%%",
}

@article{Cooray:2002dia,
      author         = "Cooray, Asantha and Sheth, Ravi K.",
      title          = "{Halo models of large scale structure}",
      journal        = "Phys.Rept.",
      volume         = "372",
      pages          = "1-129",
      doi            = "10.1016/S0370-1573(02)00276-4",
      year           = "2002",
      eprint         = "astro-ph/0206508",
      archivePrefix  = "arXiv",
      primaryClass   = "astro-ph",
      reportNumber   = "FERMILAB-PUB-02-284-A",
      SLACcitation   = "%%CITATION = ASTRO-PH/0206508;%%",
}

@article{Croft:2000hs,
      author         = "Croft, Rupert A.C. and Weinberg, David H. and Bolte, Mike
                        and Burles, Scott and Hernquist, Lars and others",
      title          = "{Towards a precise measurement of matter clustering:
                        Lyman alpha forest data at redshifts 2-4}",
      journal        = "Astrophys.J.",
      volume         = "581",
      pages          = "20-52",
      doi            = "10.1086/344099",
      year           = "2002",
      eprint         = "astro-ph/0012324",
      archivePrefix  = "arXiv",
      primaryClass   = "astro-ph",
      SLACcitation   = "%%CITATION = ASTRO-PH/0012324;%%",
}

@article{Datta:2007nj,
      author         = "Datta, Kanan K. and Bharadwaj, Somnath and Choudhury, T.
                        Roy",
      title          = "{Detecting ionized bubbles in redshifted 21 cm maps}",
      journal        = "Mon.Not.Roy.Astron.Soc.",
      volume         = "382",
      pages          = "809",
      doi            = "10.1111/j.1365-2966.2007.12421.x",
      year           = "2007",
      eprint         = "astro-ph/0703677",
      archivePrefix  = "arXiv",
      primaryClass   = "ASTRO-PH",
      SLACcitation   = "%%CITATION = ASTRO-PH/0703677;%%",
}

@article{Datta:2008ry,
      author         = "Datta, Kanan K. and Majumdar, Suman and Bharadwaj,
                        Somnath and Choudhury, T. Roy",
      title          = "{Simulating the impact of HI fluctuations on matched
                        filter search for ionized bubbles in redshifted 21 cm
                        maps}",
      journal        = "Mon.Not.Roy.Astron.Soc.",
      volume         = "391",
      pages          = "1900",     
      year           = "2008",
      eprint         = "0805.1734",
      archivePrefix  = "arXiv",
      primaryClass   = "astro-ph",
      SLACcitation   = "%%CITATION = ARXIV:0805.1734;%%",
}

@article{Datta:2010pk,
      author         = "Datta, A. and Bowman, J.D. and Carilli, C.L.",
      title          = "{Bright Source Subtraction Requirements For Redshifted 21
                        cm Measurements}",
      journal        = "Astrophys.J.",
      volume         = "724",
      pages          = "526-538",
      doi            = "10.1088/0004-637X/724/1/526",
      year           = "2010",
      eprint         = "1005.4071",
      archivePrefix  = "arXiv",
      primaryClass   = "astro-ph.CO",
      SLACcitation   = "%%CITATION = ARXIV:1005.4071;%%",
}

@article{Datta:2011hv,
      author         = "Datta, Kanan K. and Mellema, Garrelt and Mao, Yi and
                        Iliev, Ilian T. and Shapiro, Paul R. and others",
      title          = "{Light cone effect on the reionization 21-cm power
                        spectrum}",
      year           = "2011",
      eprint         = "1109.1284",
      archivePrefix  = "arXiv",
      primaryClass   = "astro-ph.CO",
      SLACcitation   = "%%CITATION = ARXIV:1109.1284;%%",
}

@article{Djorgovski:2001ez,
      author         = "Djorgovski, S.G. and Castro, S.M. and Stern, D. and
                        Mahabal, A.",
      title          = "{On the threshold of the reionization epoch}",
      year           = "2001",
      eprint         = "astro-ph/0108069",
      archivePrefix  = "arXiv",
      primaryClass   = "astro-ph",
      SLACcitation   = "%%CITATION = ASTRO-PH/0108069;%%",
}

@article{Dunkley:2008ie,
      author         = "Dunkley, J. and others",
      title          = "{Five-Year Wilkinson Microwave Anisotropy Probe (WMAP)
                        Observations: Likelihoods and Parameters from the WMAP
                        data}",
      collaboration  = "WMAP Collaboration",
      journal        = "Astrophys.J.Suppl.",
      volume         = "180",
      pages          = "306-329",
      doi            = "10.1088/0067-0049/180/2/306",
      year           = "2009",
      eprint         = "0803.0586",
      archivePrefix  = "arXiv",
      primaryClass   = "astro-ph",
      SLACcitation   = "%%CITATION = ARXIV:0803.0586;%%",
}

@article{Fan:2001ff,
      author         = "Fan, Xiaohui and others",
      title          = "{A Survey of {$z > 5.8$} quasars in the Sloan Digital Sky
                        Survey I: Discovery of three new quasars and the spatial
                        density of luminous quasars at z ~ 6}",
      collaboration  = "SDSS Collaboration",
      journal        = "Astron.J.",
      volume         = "122",
      pages          = "2833",
      doi            = "10.1086/324111",
      year           = "2001",
      eprint         = "astro-ph/0108063",
      archivePrefix  = "arXiv",
      primaryClass   = "astro-ph",
      SLACcitation   = "%%CITATION = ASTRO-PH/0108063;%%",
}

@article{Fan:2005es,
      author         = "Fan, Xiao-Hui and Strauss, Michael A. and Becker, Robert
                        H. and White, Richard L. and Gunn, James E. and others",
      title          = "{Constraining the evolution of the ionizing background
                        and the epoch of reionization with z~6 quasars. 2. a
                        sample of 19 quasars}",
      journal        = "Astron.J.",
      volume         = "132",
      pages          = "117-136",
      doi            = "10.1086/504836",
      year           = "2006",
      eprint         = "astro-ph/0512082",
      archivePrefix  = "arXiv",
      primaryClass   = "astro-ph",
      SLACcitation   = "%%CITATION = ASTRO-PH/0512082;%%",
}

@article{Fialkov:2014kta,
      author         = "Fialkov, Anastasia and Barkana, Rennan and Visbal, Eli",
      title          = "{The observable signature of late heating of the Universe
                        during cosmic reionization}",
      year           = "2014",
      eprint         = "1402.0940",
      archivePrefix  = "arXiv",
      primaryClass   = "astro-ph.CO",
      SLACcitation   = "%%CITATION = ARXIV:1402.0940;%%",
}

@article{Friedrich:2012fy,
      author         = "Friedrich, Martina M. and Datta, Kanan K. and Mellema,
                        Garrelt and Iliev, Ilian T.",
      title          = "{Prospects of observing a quasar HII region during the
                        Epoch of Reionization with redshifted 21cm}",
      year           = "2012",
      eprint         = "1203.0517",
      archivePrefix  = "arXiv",
      primaryClass   = "astro-ph.CO",
      SLACcitation   = "%%CITATION = ARXIV:1203.0517;%%",
}


@article{Furlanetto:2004nh,
      author         = "Furlanetto, Steven and Zaldarriaga, Matias and Hernquist,
                        Lars",
      title          = "{The Growth of HII regions during reionization}",
      journal        = "Astrophys.J.",
      volume         = "613",
      pages          = "1-15",
      doi            = "10.1086/423025",
      year           = "2004",
      eprint         = "astro-ph/0403697",
      archivePrefix  = "arXiv",
      primaryClass   = "astro-ph",
      SLACcitation   = "%%CITATION = ASTRO-PH/0403697;%%",
}

@article{Furlanetto:2004ha,
      author         = "Furlanetto, Steven and Zaldarriaga, Matias and Hernquist,
                        Lars",
      title          = "{Statistical probes of reionization with 21 cm
                        tomography}",
      journal        = "Astrophys.J.",
      volume         = "613",
      pages          = "16-22",
      doi            = "10.1086/423028",
      year           = "2004",
      eprint         = "astro-ph/0404112",
      archivePrefix  = "arXiv",
      primaryClass   = "astro-ph",
      SLACcitation   = "%%CITATION = ASTRO-PH/0404112;%%",
}

@article{Furlanetto:2005xx,
      author         = "Furlanetto, Steven R. and Oh, S. Peng",
      title          = "{Taxing the rich: Recombinations and bubble growth during
                        reionization}",
      journal        = "Mon.Not.Roy.Astron.Soc.",
      volume         = "363",
      pages          = "1031-1048",
      doi            = "10.1111/j.1365-2966.2005.09505.x",
      year           = "2005",
      eprint         = "astro-ph/0505065",
      archivePrefix  = "arXiv",
      primaryClass   = "astro-ph",
      SLACcitation   = "%%CITATION = ASTRO-PH/0505065;%%",
}

@article{Furlanetto:2006jb,
      author         = "Furlanetto, Steven and Oh, S. Peng and Briggs, Frank",
      title          = "{Cosmology at Low Frequencies: The 21 cm Transition and
                        the High-Redshift Universe}",
      journal        = "Phys.Rept.",
      volume         = "433",
      pages          = "181-301",
      year           = "2006",
      eprint         = "astro-ph/0608032",
      archivePrefix  = "arXiv",
      primaryClass   = "astro-ph",
      SLACcitation   = "%%CITATION = ASTRO-PH/0608032;%%",
}

@article{Furlanetto:2006pg,
      author         = "Furlanetto, Steven and Lidz, Adam",
      title          = "{The Cross-Correlation of High-Redshift 21 cm and Galaxy
                        Surveys}",
      journal        = "Astrophys.J.",
      year           = "2006",
      eprint         = "astro-ph/0611274",
      archivePrefix  = "arXiv",
      primaryClass   = "astro-ph",
      SLACcitation   = "%%CITATION = ASTRO-PH/0611274;%%",
}

@article{Gallerani:2005mf,
      author         = "Gallerani, Simona and Choudhury, T. Roy and Ferrara, A.",
      title          = "{Constraining the reionization history with qso
                        absorption spectra}",
      journal        = "Mon.Not.Roy.Astron.Soc.",
      volume         = "370",
      pages          = "1401-1421",
      doi            = "10.1111/j.1365-2966.2006.10553.x",
      year           = "2006",
      eprint         = "astro-ph/0512129",
      archivePrefix  = "arXiv",
      primaryClass   = "astro-ph",
      SLACcitation   = "%%CITATION = ASTRO-PH/0512129;%%",
}

@ARTICLE{1965ApJ...142.1633G,
   author = {{Gunn}, J.~E. and {Peterson}, B.~A.},
    title = "{On the Density of Neutral Hydrogen in Intergalactic Space.}",
  journal = {ApJ},
     year = 1965,
    month = nov,
   volume = 142,
    pages = {1633-1641},
      doi = {10.1086/148444},
   adsurl = {http://adsabs.harvard.edu/abs/1965ApJ...142.1633G},
  adsnote = {Provided by the SAO/NASA Astrophysics Data System}
}

@article{Haehnelt:1995dg,
      author         = "Haehnelt, Martin G. and Tegmark, Max",
      title          = "{Using the kinematic Sunyaev-Zeldovich effect to
                        determine the peculiar velocities of clusters of
                        galaxies}",
      journal        = "Mon.Not.Roy.Astron.Soc.",
      volume         = "279",
      pages          = "545-556",
      year           = "1996",
      eprint         = "astro-ph/9507077",
      archivePrefix  = "arXiv",
      primaryClass   = "astro-ph",
      reportNumber   = "MPA-883",
      SLACcitation   = "%%CITATION = ASTRO-PH/9507077;%%",
}

@article{Harker:2009hg,
      author         = "Harker, Geraint and Zaroubi, Saleem and Bernardi, Gianni
                        and Brentjens, Michiel A. and de Bruyn, A.G. and others",
      title          = "{Non-parametric foreground subtraction for 21cm epoch of
                        reionization experiments}",
      journal        = "Mon.Not.Roy.Astron.Soc.",
      volume         = "397",
      pages          = "1138",
      year           = "2009",
      eprint         = "0903.2760",
      archivePrefix  = "arXiv",
      primaryClass   = "astro-ph.CO",
      SLACcitation   = "%%CITATION = ARXIV:0903.2760;%%",
}

@article{Harker:2010ht,
      author         = "Harker, Geraint and Zaroubi, Saleem and Bernardi, Gianni
                        and Brentjens, Michiel A. and de Bruyn, A.G. and others",
      title          = "{Power spectrum extraction for redshifted 21-cm epoch of
                        reionization experiments: the LOFAR case}",
      journal        = "Mon.Not.Roy.Astron.Soc.",
      volume         = "405",
      pages          = "2492-2504",
      year           = "2010",
      eprint         = "1003.0965",
      archivePrefix  = "arXiv",
      primaryClass   = "astro-ph.CO",
      SLACcitation   = "%%CITATION = ARXIV:1003.0965;%%",
}

@article{Hennawi:2004ai,
      author         = "Hennawi, Joseph F. and Spergel, David N.",
      title          = "{Mass selected cluster cosmology. 1: Tomography and
                        optimal filtering}",
      journal        = "Astrophys.J.",
      year           = "2004",
      eprint         = "astro-ph/0404349",
      archivePrefix  = "arXiv",
      primaryClass   = "astro-ph",
      SLACcitation   = "%%CITATION = ASTRO-PH/0404349;%%",
}



@article{Iliev:2005sz,
      author         = "Iliev, Ilian T. and Mellema, Garrelt and Pen, Ue-Li and
                        Merz, Hugh and Shapiro, Paul R. and others",
      title          = "{Simulating cosmic reionization at large scales. 1. the
                        geometry of reionization}",
      journal        = "Mon.Not.Roy.Astron.Soc.",
      volume         = "369",
      pages          = "1625-1638",
      doi            = "10.1111/j.1365-2966.2006.10502.x",
      year           = "2006",
      eprint         = "astro-ph/0512187",
      archivePrefix  = "arXiv",
      primaryClass   = "astro-ph",
      SLACcitation   = "%%CITATION = ASTRO-PH/0512187;%%",
}

@article{Komatsu:2010fb,
      author         = "Komatsu, E. and others",
      title          = "{Seven-Year Wilkinson Microwave Anisotropy Probe (WMAP)
                        Observations: Cosmological Interpretation}",
      collaboration  = "WMAP Collaboration",
      journal        = "Astrophys.J.Suppl.",
      volume         = "192",
      pages          = "18",
      doi            = "10.1088/0067-0049/192/2/18",
      year           = "2011",
      eprint         = "1001.4538",
      archivePrefix  = "arXiv",
      primaryClass   = "astro-ph.CO",
      SLACcitation   = "%%CITATION = ARXIV:1001.4538;%%",
}

@ARTICLE{2011ApJS..192...18K,
   author = {{Komatsu}, E. and {Smith}, K.~M. and {Dunkley}, J. and {Bennett}, C.~L. and 
	{Gold}, B. and {Hinshaw}, G. and {Jarosik}, N. and {Larson}, D. and 
	{Nolta}, M.~R. and {Page}, L. and {Spergel}, D.~N. and {Halpern}, M. and 
	{Hill}, R.~S. and {Kogut}, A. and {Limon}, M. and {Meyer}, S.~S. and 
	{Odegard}, N. and {Tucker}, G.~S. and {Weiland}, J.~L. and {Wollack}, E. and 
	{Wright}, E.~L.},
    title = "{Seven-year Wilkinson Microwave Anisotropy Probe (WMAP) Observations: Cosmological Interpretation}",
  journal = {ApJs},
archivePrefix = "arXiv",
   eprint = {1001.4538},
 primaryClass = "astro-ph.CO",
 keywords = {cosmic background radiation, cosmology: observations, dark matter, early universe, space vehicles},
     year = 2011,
    month = feb,
   volume = 192,
      eid = {18},
    pages = {18},
      doi = {10.1088/0067-0049/192/2/18},
   adsurl = {http://adsabs.harvard.edu/abs/2011ApJS..192...18K},
  adsnote = {Provided by the SAO/NASA Astrophysics Data System}
}

@article{Kuhlen:2012vy,
      author         = "Kuhlen, M. and Faucher-Giguere, C.A.",
      title          = "{Concordance models of reionization: implications for
                        faint galaxies and escape fraction evolution}",
      year           = "2012",
      eprint         = "1201.0757",
      archivePrefix  = "arXiv",
      primaryClass   = "astro-ph.CO",
      SLACcitation   = "%%CITATION = ARXIV:1201.0757;%%",
}

@ARTICLE{KuhlenConcordance,
   author = {{Kuhlen}, M. and {Faucher-Gigu{\`e}re}, C.-A.},
    title = "{Concordance models of reionization: implications for faint galaxies and escape fraction evolution}",
  journal = {MNRAS},
archivePrefix = "arXiv",
   eprint = {1201.0757},
 primaryClass = "astro-ph.CO",
 keywords = {galaxies: dwarf, galaxies: formation, galaxies: high-redshift, intergalactic medium, cosmology: theory, dark ages, reionization, first stars},
     year = 2012,
    month = jun,
   volume = 423,
    pages = {862-876},
      doi = {10.1111/j.1365-2966.2012.20924.x},
   adsurl = {http://adsabs.harvard.edu/abs/2012MNRAS.423..862K},
  adsnote = {Provided by the SAO/NASA Astrophysics Data System}
}

@article{Lee:2013fga,
      author         = "Lee, Hee-Won",
      title          = "{Asymmetric Absorption Profiles of Lya and Lyb in
                        Damped Lya Systems}",
      journal        = "Astrophys.J.",
      volume         = "772",
      pages          = "123",
      doi            = "10.1088/0004-637X/772/2/123",
      year           = "2013",
      eprint         = "1306.0181",
      archivePrefix  = "arXiv",
      primaryClass   = "astro-ph.CO",
      SLACcitation   = "%%CITATION = ARXIV:1306.0181;%%",
}

@article{Lidz:2001yc,
      author         = "Lidz, Adam and Hui, Lam and Zaldarriaga, Matias and
                        Scoccimarro, Roman",
      title          = "{How neutral is the intergalactic medium at Z 6?}",
      journal        = "Astrophys.J.",
      volume         = "579",
      pages          = "491-499",
      doi            = "10.1086/342983",
      year           = "2002",
      eprint         = "astro-ph/0111346",
      archivePrefix  = "arXiv",
      primaryClass   = "astro-ph",
      SLACcitation   = "%%CITATION = ASTRO-PH/0111346;%%",
}

@article{Lidz:2006vj,
      author         = "Lidz, Adam and Zahn, Oliver and McQuinn, Matthew and
                        Zaldarriaga, Matias and Dutta, Suvendra",
      title          = "{Higher Order Contributions to the 21 cm Power Spectrum}",
      journal        = "Astrophys.J.",
      volume         = "659",
      pages          = "865-876",
      doi            = "10.1086/511670",
      year           = "2007",
      eprint         = "astro-ph/0610054",
      archivePrefix  = "arXiv",
      primaryClass   = "astro-ph",
      SLACcitation   = "%%CITATION = ASTRO-PH/0610054;%%",
}
  

@article{Lidz:2007az,
      author         = "Lidz, Adam and Zahn, Oliver and McQuinn, Matthew and
                        Zaldarriaga, Matias and Hernquist, Lars",
      title          = "{Detecting the Rise and Fall of 21 cm Fluctuations with
                        the Murchison Widefield Array}",
      journal        = "Astrophys.J.",
      volume         = "680",
      pages          = "962-974",
      doi            = "10.1086/587618",
      year           = "2008",
      eprint         = "0711.4373",
      archivePrefix  = "arXiv",
      primaryClass   = "astro-ph",
      SLACcitation   = "%%CITATION = ARXIV:0711.4373;%%",
}

@article{Lidz:2007mz,
      author         = "Lidz, Adam and McQuinn, Matthew and Zaldarriaga, Matias",
      title          = "{Quasar Proximity Zones and Patchy Reionization}",
      journal        = "Astrophys.J.",
      volume         = "670",
      pages          = "39-59",
      doi            = "10.1086/521974",
      year           = "2007",
      eprint         = "astro-ph/0703667",
      archivePrefix  = "arXiv",
      primaryClass   = "ASTRO-PH",
      SLACcitation   = "%%CITATION = ASTRO-PH/0703667;%%",
}

@article{Lidz:2008ry,
      author         = "Lidz, Adam and Zahn, Oliver and Furlanetto, Steven and
                        McQuinn, Matthew and Hernquist, Lars and others",
      title          = "{Probing Reionization with the 21 cm-Galaxy Cross Power
                        Spectrum}",
      journal        = "Astrophys.J.",
      volume         = "690",
      pages          = "252-266",
      doi            = "10.1088/0004-637X/690/1/252",
      year           = "2009",
      eprint         = "0806.1055",
      archivePrefix  = "arXiv",
      primaryClass   = "astro-ph",
      SLACcitation   = "%%CITATION = ARXIV:0806.1055;%%",
}

@article{Lidz:2014jxa,
      author         = "Lidz, Adam and Malloy, Matthew",
      title          = "{On Modeling and Measuring the Temperature of the z~5
                        intergalactic medium}",
      journal        = "Astrophys.J.",
      volume         = "788",
      pages          = "175",
      doi            = "10.1088/0004-637X/788/2/175",
      year           = "2014",
      eprint         = "1403.6350",
      archivePrefix  = "arXiv",
      primaryClass   = "astro-ph.CO",
      SLACcitation   = "%%CITATION = ARXIV:1403.6350;%%",
}

@article{Liu:2008mg,
      author         = "Liu, Adrian and Tegmark, Max and Zaldarriaga, Matias",
      title          = "{Will point sources spoil 21 cm tomography?}",
      year           = "2008",
      eprint         = "0807.3952",
      archivePrefix  = "arXiv",
      primaryClass   = "astro-ph",
      SLACcitation   = "%%CITATION = ARXIV:0807.3952;%%",
}

@article{Liu:2009qga,
      author         = "Liu, Adrian and Tegmark, Max and Bowman, Judd and Hewitt,
                        Jacqueline and Zaldarriaga, Matias",
      title          = "{An Improved Method for 21cm Foreground Removal}",
      year           = "2009",
      journal        = "Mon.Not.Roy.Astron.Soc.",
      volume         = "298",
      pages          = "401",
      eprint         = "0903.4890",
      archivePrefix  = "arXiv",
      primaryClass   = "astro-ph.CO",
      SLACcitation   = "%%CITATION = ARXIV:0903.4890;%%",
}

@article{Liu:2011ih,
      author         = "Liu, Adrian and Tegmark, Max",
      title          = "{How well can we measure and understand foregrounds with
                        21 cm experiments?}",
      journal        = "Mon.Not.Roy.Astron.Soc.",
      volume         = "419",
      pages          = "3491-3504",
      doi            = "10.1111/j.1365-2966.2011.19989.x",
      year           = "2012",
      eprint         = "1106.0007",
      archivePrefix  = "arXiv",
      primaryClass   = "astro-ph.CO",
      SLACcitation   = "%%CITATION = ARXIV:1106.0007;%%",
}

@book{Loeb2010,
      author         = "Loeb, Abraham",
      title          = "{How Did the First Stars and Galaxies Form?}",
      publisher      = "Princeton University Press",
      year           = "2010",
}

@article{Lonsdale:2009cb,
      author         = "Lonsdale, Colin J. and Cappallo, Roger J. and Morales,
                        Miguel F. and Briggs, Frank H. and Benkevitch, Leonid and
                        others",
      title          = "{The Murchison Widefield Array: Design Overview}",
      journal        = "IEEEP",
      volume         = "97",
      pages          = "1497",
      year           = "2009",
      eprint         = "0903.1828",
      archivePrefix  = "arXiv",
      primaryClass   = "astro-ph.IM",
      SLACcitation   = "%%CITATION = ARXIV:0903.1828;%%",
}

@article{Madau:1996cs,
      author         = "Madau, Piero and Meiksin, Avery and Rees, Martin J.",
      title          = "{21-CM tomography of the intergalactic medium at high
                        redshift}",
      journal        = "Astrophys.J.",
      volume         = "475",
      pages          = "429",
      doi            = "10.1086/303549",
      year           = "1997",
      eprint         = "astro-ph/9608010",
      archivePrefix  = "arXiv",
      primaryClass   = "astro-ph",
      SLACcitation   = "%%CITATION = ASTRO-PH/9608010;%%",
}



@article{Mao:2011xp,
      author         = "Mao, Yi and Shapiro, Paul R. and Mellema, Garrelt and
                        Iliev, Ilian T. and Koda, Jun and others",
      title          = "{Redshift Space Distortion of the 21cm Background from
                        the Epoch of Reionization I: Methodology Re-examined}",
      journal        = "Mon.Not.Roy.Astron.Soc.",
      volume         = "422",
      pages          = "926-954",
      doi            = "10.1111/j.1365-2966.2012.20471.x",
      year           = "2012",
      eprint         = "1104.2094",
      archivePrefix  = "arXiv",
      primaryClass   = "astro-ph.CO",
      SLACcitation   = "%%CITATION = ARXIV:1104.2094;%%",
}


@article{Marian:2008fd,
      author         = "Marian, Laura and Smith, Robert E. and Bernstein, Gary
                        M.",
      title          = "{The cosmology dependence of weak lensing cluster
                        counts}",
      journal        = "Astrophys.J.",
      volume         = "698",
      pages          = "L33-L36",
      doi            = "10.1088/0004-637X/698/1/L33",
      year           = "2009",
      eprint         = "0811.1991",
      archivePrefix  = "arXiv",
      primaryClass   = "astro-ph",
      SLACcitation   = "%%CITATION = ARXIV:0811.1991;%%",
}

@article{McGreer:2011dm,
      author         = "McGreer, Ian D. and Mesinger, Andrei and Fan, Xiaohui",
      title          = "{The first (nearly) model-independent constraint on the
                        neutral hydrogen fraction at z~5--6}",
      year           = "2011",
      eprint         = "1101.3314",
      archivePrefix  = "arXiv",
      primaryClass   = "astro-ph.CO",
      SLACcitation   = "%%CITATION = ARXIV:1101.3314;%%",
}

@article{McQuinn:2005hk,
      author         = "McQuinn, Matthew and Zahn, Oliver and Zaldarriaga, Matias
                        and Hernquist, Lars and Furlanetto, Steven R.",
      title          = "{Cosmological parameter estimation using 21 cm radiation
                        from the epoch of reionization}",
      journal        = "Astrophys.J.",
      volume         = "653",
      pages          = "815-830",
      doi            = "10.1086/505167",
      year           = "2006",
      eprint         = "astro-ph/0512263",
      archivePrefix  = "arXiv",
      primaryClass   = "astro-ph",
      SLACcitation   = "%%CITATION = ASTRO-PH/0512263;%%",
}

@article{McQuinn:2006et,
      author         = "McQuinn, Matthew and Lidz, Adam and Zahn, Oliver and
                        Dutta, Suvendra and Hernquist, Lars and others",
      title          = "{The Morphology of HII Regions during Reionization}",
      journal        = "Mon.Not.Roy.Astron.Soc.",
      volume         = "377",
      pages          = "1043-1063",
      doi            = "10.1111/j.1365-2966.2007.11489.x",
      year           = "2007",
      eprint         = "astro-ph/0610094",
      archivePrefix  = "arXiv",
      primaryClass   = "astro-ph",
      SLACcitation   = "%%CITATION = ASTRO-PH/0610094;%%",
}

@article{Mesinger:2006kn,
      author         = "Mesinger, Andrei and Haiman, Zoltan",
      title          = "{Constraints on Reionization and Source Properties from
                        the Absorption Spectra of {$z > 6.2$ Quasars}",
      journal        = "Astrophys.J.",
      volume         = "660",
      pages          = "923-932",
      doi            = "10.1086/513688",
      year           = "2007",
      eprint         = "astro-ph/0610258",
      archivePrefix  = "arXiv",
      primaryClass   = "astro-ph",
      SLACcitation   = "%%CITATION = ASTRO-PH/0610258;%%",
}

@article{McQuinn:2007dy,
      author         = "McQuinn, Matthew and Hernquist, Lars and Zaldarriaga,
                        Matias and Dutta, Suvendra",
      title          = "{Studying Reionization with Ly-alpha Emitters}",
      journal        = "Mon.Not.Roy.Astron.Soc.",
      volume         = "381",
      pages          = "75-96",
      year           = "2007",
      eprint         = "0704.2239",
      archivePrefix  = "arXiv",
      primaryClass   = "astro-ph",
      SLACcitation   = "%%CITATION = ARXIV:0704.2239;%%",
}

@ARTICLE{2010MNRAS.407.1328M,
   author = {{Mesinger}, A.},
    title = "{Was reionization complete by z \~{} 5-6?}",
  journal = {MNRAS},
archivePrefix = "arXiv",
   eprint = {0910.4161},
 primaryClass = "astro-ph.CO",
 keywords = {galaxies: formation, galaxies: high-redshift, cosmology: theory, dark ages, reionization, first stars, diffuse radiation, early Universe},
     year = 2010,
    month = sep,
   volume = 407,
    pages = {1328-1337},
      doi = {10.1111/j.1365-2966.2010.16995.x},
   adsurl = {http://adsabs.harvard.edu/abs/2010MNRAS.407.1328M},
  adsnote = {Provided by the SAO/NASA Astrophysics Data System}
}

@article{Mesinger:2007pd,
      author         = "Mesinger, Andrei and Furlanetto, Steven",
      title          = "{Efficient Simulations of Early Structure Formation and
                        Reionization}",
      year           = "2007",
      eprint         = "0704.0946",
      archivePrefix  = "arXiv",
      primaryClass   = "astro-ph",
      SLACcitation   = "%%CITATION = ARXIV:0704.0946;%%",
}

@article{Mesinger:2009mv,
      author         = "Mesinger, Andrei",
      title          = "{Was reionization complete by z ~ 5-6?}",
      year           = "2009",
      eprint         = "0910.4161",
      archivePrefix  = "arXiv",
      primaryClass   = "astro-ph.CO",
      SLACcitation   = "%%CITATION = ARXIV:0910.4161;%%",
}

@article{Mesinger:2010ne,
      author         = "Mesinger, Andrei and Furlanetto, Steven and Cen, Renyue",
      title          = "{21cmFAST: A Fast, Semi-Numerical Simulation of the
                        High-Redshift 21-cm Signal}",
      journal        = "MNRAS",
      volume         = "411",
      pages          = "955",
      year           = "2010",
      eprint         = "1003.3878",
      archivePrefix  = "arXiv",
      primaryClass   = "astro-ph.CO",
      SLACcitation   = "%%CITATION = ARXIV:1003.3878;%%",
}

@article{MiraldaEscude:1995bu,
      author         = "Miralda-Escude, Jordi and Cen, Ren-yue and Ostriker,
                        Jeremiah P. and Rauch, Michael",
      title          = "{The Lyman alpha forest from gravitational collapse in
                        the CDM + Lambda Model}",
      journal        = "Astrophys.J.",
      volume         = "471",
      pages          = "582",
      doi            = "10.1086/177992",
      year           = "1996",
      eprint         = "astro-ph/9511013",
      archivePrefix  = "arXiv",
      primaryClass   = "astro-ph",
      reportNumber   = "IASSNS-AST-95-44",
      SLACcitation   = "%%CITATION = ASTRO-PH/9511013;%%",
}

@article{MiraldaEscude:1997en,
      author         = "Miralda-Escude, Jordi and Rees, Martin J.",
      title          = "{Searching for the earliest galaxies using the
                        Gunn-Peterson trough and the Lyman alpha emission line}",
      year           = "1997",
      eprint         = "astro-ph/9707193",
      archivePrefix  = "arXiv",
      primaryClass   = "astro-ph",
      SLACcitation   = "%%CITATION = ASTRO-PH/9707193;%%",
}

@article{MiraldaEscude:1997qb,
      author         = "Miralda-Escude, Jordi",
      title          = "{Reionization of the intergalactic medium and the damping
                        wing of the Gunn-Peterson trough}",
      journal        = "Astrophys.J.",
      volume         = "501",
      pages          = "15-22",
      doi            = "10.1086/305799",
      year           = "1998",
      eprint         = "astro-ph/9708253",
      archivePrefix  = "arXiv",
      primaryClass   = "astro-ph",
      SLACcitation   = "%%CITATION = ASTRO-PH/9708253;%%",
}

@article{Morales:2003vn,
      author         = "Morales, Miguel F. and Hewitt, Jacqueline",
      title          = "{Toward epoch of re-ionization measurements with wide -
                        field LOFAR observations}",
      journal        = "Astrophys.J.",
      volume         = "615",
      pages          = "7-18",
      doi            = "10.1086/424437",
      year           = "2004",
      eprint         = "astro-ph/0312437",
      archivePrefix  = "arXiv",
      primaryClass   = "astro-ph",
      SLACcitation   = "%%CITATION = ASTRO-PH/0312437;%%",
}

@article{Morales:2012kf,
      author         = "Morales, Miguel F. and Hazelton, Bryna and Sullivan, Ian
                        and Beardsley, Adam",
      title          = "{Four Fundamental Foreground Power Spectrum Shapes for 21
                        cm Cosmology Observations}",
      journal        = "Astrophys.J.",
      volume         = "752",
      pages          = "137",
      year           = "2012",
      eprint         = "1202.3830",
      archivePrefix  = "arXiv",
      primaryClass   = "astro-ph.IM",
      SLACcitation   = "%%CITATION = ARXIV:1202.3830;%%",
}

@article{Mortlock:2011va,
      author         = "Mortlock, Daniel J. and Warren, Stephen J. and Venemans,
                        Bram P. and Patel, Mitesh and Hewett, Paul C. and others",
      title          = "{A luminous quasar at a redshift of z = 7.085}",
      journal        = "Nature",
      volume         = "474",
      pages          = "616",
      year           = "2011",
      eprint         = "1106.6088",
      archivePrefix  = "arXiv",
      primaryClass   = "astro-ph.CO",
      SLACcitation   = "%%CITATION = ARXIV:1106.6088;%%",
}

@article{Ouchi:2010,
      author         = "Ouchi, Masami and Shimasaku, Kazuhiro and Furusawa, Hisanori and others",
      title          = "{Statistics of 207 Ly$\alpha$ Emitters at a Redshift Near 7: Constraints
                        on Reionization and Galaxy Formation Models}",
      journal        = "Astrophys.J.",
      volume         = "723",
      pages          = "869",
      year           = "2010",
      eprint         = "1007.2961",
      archivePrefix  = "arXiv",
      primaryClass   = "astro-ph.CO",
      SLACcitation   = "%%CITATION = ARXIV:1007.2961;%%",
}

@article{Owen:1998dk,
      author         = "Owen, Benjamin J. and Sathyaprakash, B.S.",
      title          = "{Matched filtering of gravitational waves from
                        inspiraling compact binaries: Computational cost and
                        template placement}",
      journal        = "Phys.Rev.",
      volume         = "D60",
      pages          = "022002",
      doi            = "10.1103/PhysRevD.60.022002",
      year           = "1999",
      eprint         = "gr-qc/9808076",
      archivePrefix  = "arXiv",
      primaryClass   = "gr-qc",
      reportNumber   = "GRP-505",
      SLACcitation   = "%%CITATION = GR-QC/9808076;%%",
}


@article{Paciga:2010yy,
      author         = "Paciga, Gregory and Chang, Tzu-Ching and Gupta, Yashwant
                        and Nityanada, Rajaram and Odegova, Julia and others",
      title          = "{The GMRT Epoch of Reionization experiment: A New upper
                        limit on the neutral hydrogen power spectrum at z~8.6}",
      journal        = "Mon.Not.Roy.Astron.Soc.",
      volume         = "413",
      pages          = "1174-1183",
      doi            = "10.1111/j.1365-2966.2011.18208.x",
      year           = "2011",
      eprint         = "1006.1351",
      archivePrefix  = "arXiv",
      primaryClass   = "astro-ph.CO",
      SLACcitation   = "%%CITATION = ARXIV:1006.1351;%%",
}


@article{Parsons:2009in,
      author         = "Parsons, Aaron R. and Backer, Donald C. and Bradley,
                        Richard F. and Aguirre, James E. and Benoit, Erin E. and
                        others",
      title          = "{The Precision Array for Probing the Epoch of
                        Reionization: 8 Station Results}",
      year           = "2009",
      eprint         = "0904.2334",
      archivePrefix  = "arXiv",
      primaryClass   = "astro-ph.CO",
      SLACcitation   = "%%CITATION = ARXIV:0904.2334;%%",
}


@article{Parsons:2012qh,
      author         = "Parsons, Aaron R. and Pober, Jonathan C. and Aguirre,
                        James E. and Carilli, Christopher L. and Jacobs, Daniel C. and Moore, David
                        and others",
      title          = "{A Per-Baseline, Delay-Spectrum Technique for Accessing
                        the 21cm Cosmic Reionization Signature}",
      year           = "2012",
      eprint         = "1204.4749",
      archivePrefix  = "arXiv",
      primaryClass   = "astro-ph.IM",
      SLACcitation   = "%%CITATION = ARXIV:1204.4749;%%",
}

@article{Petrovic:2010me,
      author         = "Petrovic, Nada and Oh, S. Peng",
      title          = "{Systematic Effects of Foreground Removal in 21cm Surveys
                        of Reionization}",
      year           = "2010",
      eprint         = "1010.4109",
      archivePrefix  = "arXiv",
      primaryClass   = "astro-ph.CO",
      SLACcitation   = "%%CITATION = ARXIV:1010.4109;%%",
}

@article{Pentericci:2014nia,
      author         = "Pentericci, L. and Vanzella, E. and Fontana, A. and
                        Castellano, M. and Treu, T. and others",
      title          = "{New observations of z~7 galaxies: evidence for a patchy
                        reionization}",
      year           = "2014",
      eprint         = "1403.5466",
      archivePrefix  = "arXiv",
      primaryClass   = "astro-ph.CO",
      SLACcitation   = "%%CITATION = ARXIV:1403.5466;%%",
}


@article{Prochaska:2005wy,
      author         = "Prochaska, Jason X. and Herbert-Fort, Stephane and Wolfe,
                        Arthur M.",
      title          = "{The sdss damped lya survey: data release 3}",
      journal        = "Astrophys.J.",
      volume         = "635",
      pages          = "123-142",
      doi            = "10.1086/497287",
      year           = "2005",
      eprint         = "astro-ph/0508361",
      archivePrefix  = "arXiv",
      primaryClass   = "astro-ph",
      SLACcitation   = "%%CITATION = ASTRO-PH/0508361;%%",
}

@book{NRecipes,
      author         = "Press, William and Teukolsky, Saul and Vetterling, William and Flannery, Brian",
      title          = "{Numerical Recipes in C++: The Art of Scientific Computing}",
      publisher      = "Cambridge University Press",
      year           = "2002",
}

@article{Rahmati:2013hsa,
      author         = "Rahmati, Alireza and Schaye, Joop",
      title          = "{Predictions for the relation between strong HI absorbers
                        and galaxies at redshift 3}",
      year           = "2013",
      eprint         = "1310.3317",
      archivePrefix  = "arXiv",
      primaryClass   = "astro-ph.CO",
      SLACcitation   = "%%CITATION = ARXIV:1310.3317;%%",
}


@article{Robertson:2013bq,
      author         = "Robertson, Brant E. and Furlanetto, Steven R. and
                        Schneider, Evan and Charlot, Stephane and Ellis, Richard
                        S. and others",
      title          = "{New Constraints on Cosmic Reionization from the 2012
                        Hubble Ultra Deep Field Campaign}",
      journal        = "Astrophys.J.",
      volume         = "768",
      pages          = "71",
      doi            = "10.1088/0004-637X/768/1/71",
      year           = "2013",
      eprint         = "1301.1228",
      archivePrefix  = "arXiv",
      primaryClass   = "astro-ph.CO",
      SLACcitation   = "%%CITATION = ARXIV:1301.1228;%%",
}

@article{Schenker:2011ea,
      author         = "Schenker, M.A. and Stark, D.P and Ellis, R.S. and
                        Robertson, B.E. and Dunlop, J.S. and others",
      title          = "{Keck Spectroscopy of Faint 3<z<8 Lyman Break
                        Galaxies:- Evidence for a Declining Fraction of Emission
                        Line Sources In the Redshift Range 6<z<8}",
      journal        = "Astrophys.J.",
      volume         = "744",
      pages          = "179",
      doi            = "10.1088/0004-637X/744/2/179",
      year           = "2012",
      eprint         = "1107.1261",
      archivePrefix  = "arXiv",
      primaryClass   = "astro-ph.CO",
      SLACcitation   = "%%CITATION = ARXIV:1107.1261;%%",
}

@ARTICLE{2012ApJ...744..179S,
   author = {{Schenker}, M.~A. and {Stark}, D.~P. and {Ellis}, R.~S. and 
	{Robertson}, B.~E. and {Dunlop}, J.~S. and {McLure}, R.~J. and 
	{Kneib}, J.-P. and {Richard}, J.},
    title = "{Keck Spectroscopy of Faint 3 < z < 8 Lyman Break Galaxies: Evidence for a Declining Fraction of Emission Line Sources in the Redshift Range 6 < z < 8}",
  journal = {ApJ},
archivePrefix = "arXiv",
   eprint = {1107.1261},
 primaryClass = "astro-ph.CO",
 keywords = {galaxies: evolution, galaxies: formation, galaxies: high-redshift, galaxies: starburst},
     year = 2012,
    month = jan,
   volume = 744,
      eid = {179},
    pages = {179},
      doi = {10.1088/0004-637X/744/2/179},
   adsurl = {http://adsabs.harvard.edu/abs/2012ApJ...744..179S},
  adsnote = {Provided by the SAO/NASA Astrophysics Data System}
}

@article{Shaver:1999gb,
      author         = "Shaver, P.A. and Windhorst, R.A. and Madau, P. and de
                        Bruyn, A.G.",
      title          = "{Can the reionization epoch be detected as a global
                        signature in the cosmic background?}",
      year           = "1999",
      eprint         = "astro-ph/9901320",
      archivePrefix  = "arXiv",
      primaryClass   = "astro-ph",
      SLACcitation   = "%%CITATION = ASTRO-PH/9901320;%%",
}

@ARTICLE{2013MNRAS.428.3058S,
   author = {{Schroeder}, J. and {Mesinger}, A. and {Haiman}, Z.},
    title = "{Evidence of Gunn-Peterson damping wings in high-z quasar spectra: strengthening the case for incomplete reionization at z {\tilde} 6-7}",
  journal = {MNRAS},
archivePrefix = "arXiv",
   eprint = {1204.2838},
 primaryClass = "astro-ph.CO",
 keywords = {quasars: general, cosmology-theory, dark ages, reionization, first stars, diffuse radiation, early Universe, large-scale structure of Universe},
     year = 2013,
    month = feb,
   volume = 428,
    pages = {3058-3071},
      doi = {10.1093/mnras/sts253},
   adsurl = {http://adsabs.harvard.edu/abs/2013MNRAS.428.3058S},
  adsnote = {Provided by the SAO/NASA Astrophysics Data System}
}

@article{Tingay:2012ps,
      author         = "Tingay, S.J. and Goeke, R. and Bowman, J.D. and Emrich,
                        D. and Ord, S.M. and others",
      title          = "{The Murchison Widefield Array: the Square Kilometre
                        Array Precursor at low radio frequencies}",
      year           = "2012",
      eprint         = "1206.6945",
      archivePrefix  = "arXiv",
      primaryClass   = "astro-ph.IM",
      SLACcitation   = "%%CITATION = ARXIV:1206.6945;%%",
}

@article{Taylor:2013qia,
      author         = "Taylor, Jessie and Lidz, Adam",
      title          = "{What do observations of the Lyman-alpha fraction tell us
                        about reionization?}",
      year           = "2013",
      eprint         = "1308.6322",
      archivePrefix  = "arXiv",
      primaryClass   = "astro-ph.CO",
      SLACcitation   = "%%CITATION = ARXIV:1308.6322;%%",
}

@article{Totani:2005ng,
      author         = "Totani, Tomonori and Kawai, Nobuyuki and Kosugi, George
                        and Aoki, Kentaro and Yamada, Toru and others",
      title          = "{Implications for the cosmic reionization from the
                        optical afterglow spectrum of the gamma-ray burst 050904
                        at z = 6.3}",
      journal        = "Publ.Astron.Soc.Jap.",
      volume         = "58",
      pages          = "485-498",
      year           = "2006",
      eprint         = "astro-ph/0512154",
      archivePrefix  = "arXiv",
      primaryClass   = "astro-ph",
      SLACcitation   = "%%CITATION = ASTRO-PH/0512154;%%",
}

@article{Totani:2013nra,
      author         = "Totani, Tomonori and Aoki, Kentaro and Hattori, Takashi
                        and Kosugi, George and Niino, Yuu and others",
      title          = "{Probing Intergalactic Neutral Hydrogen by the Lyman
                        Alpha Red Damping Wing of Gamma-Ray Burst 130606A
                        Afterglow Spectrum at z = 5.913}",
      year           = "2013",
      eprint         = "1312.3934",
      archivePrefix  = "arXiv",
      primaryClass   = "astro-ph.HE",
      SLACcitation   = "%%CITATION = ARXIV:1312.3934;%%",
}

@article{Viel:2013fqw,
      author         = "Viel, Matteo and Becker, George D. and Bolton, James S.
                        and Haehnelt, Martin G.",
      title          = "{Warm dark matter as a solution to the small scale
                        crisis: New constraints from high redshift Lyman-alpha forest
                        data}",
      journal        = "Phys.Rev.",
      number         = "4",
      volume         = "D88",
      pages          = "043502",
      doi            = "10.1103/PhysRevD.88.043502",
      year           = "2013",
      eprint         = "1306.2314",
      archivePrefix  = "arXiv",
      primaryClass   = "astro-ph.CO",
      SLACcitation   = "%%CITATION = ARXIV:1306.2314;%%",
}

@article{Wang:2005zj,
      author         = "Wang, Xiao-Min and Tegmark, Max and Santos, Mario and
                        Knox, Lloyd",
      title          = "{Twenty-one centimeter tomography with foregrounds}",
      journal        = "Astrophys.J.",
      volume         = "650",
      pages          = "529-537",
      doi            = "10.1086/506597",
      year           = "2006",
      eprint         = "astro-ph/0501081",
      archivePrefix  = "arXiv",
      primaryClass   = "astro-ph",
      SLACcitation   = "%%CITATION = ASTRO-PH/0501081;%%",
}

@article{Wolfe:2005jd,
      author         = "Wolfe, Arthur M. and Gawiser, Eric and Prochaska, Jason
                        X.",
      title          = "{Damped lyman alpha systems}",
      journal        = "Ann.Rev.Astron.Astrophys.",
      volume         = "43",
      pages          = "861-918",
      doi            = "10.1146/annurev.astro.42.053102.133950",
      year           = "2005",
      eprint         = "astro-ph/0509481",
      archivePrefix  = "arXiv",
      primaryClass   = "astro-ph",
      SLACcitation   = "%%CITATION = ASTRO-PH/0509481;%%",
}

@article{Worseck:2014fya,
      author         = "Worseck, Gabor and Prochaska, J. Xavier and O'Meara,
                        John M. and Becker, George D. and Ellison, Sara and
                        others",
      title          = "{The Giant Gemini GMOS survey of z{$>$}4.4 quasars - I.
                        Measuring the mean free path across cosmic time}",
      year           = "2014",
      eprint         = "1402.4154",
      archivePrefix  = "arXiv",
      primaryClass   = "astro-ph.CO",
      SLACcitation   = "%%CITATION = ARXIV:1402.4154;%%",
}

@article{Wyithe:2004ta,
      author         = "Wyithe, J. Stuart B. and Loeb, Abraham",
      title          = "{Redshifted 21cm signatures around the highest redshift
                        quasars}",
      journal        = "Astrophys.J.",
      volume         = "610",
      pages          = "117-127",
      doi            = "10.1086/421042",
      year           = "2004",
      eprint         = "astro-ph/0401554",
      archivePrefix  = "arXiv",
      primaryClass   = "astro-ph",
      SLACcitation   = "%%CITATION = ASTRO-PH/0401554;%%",
}

@article{Wyithe:2007if,
      author         = "Wyithe, Stuart and Morales, Miguel F.",
      title          = "{Biased Reionisation and Non-Gaussianity in Redshifted
                        21cm Intensity Maps of the Reionisation Epoch}",
      journal        = "Mon.Not.Roy.Astron.Soc.",
      year           = "2007",
      eprint         = "astro-ph/0703070",
      archivePrefix  = "arXiv",
      primaryClass   = "ASTRO-PH",
      SLACcitation   = "%%CITATION = ASTRO-PH/0703070;%%",
}

@article{Xu:2013npa,
      author         = "Xu, Yidong and Yue, Bin and Su, Meng and Fan, Zuhui and
                        Chen, Xuelei",
      title          = "{An analytical model of the large neutral regions during
                        the late stage of reionization}",
      journal        = "Astrophys.J.",
      volume         = "781",
      pages          = "97",
      doi            = "10.1088/0004-637X/781/2/97",
      year           = "2014",
      eprint         = "1312.4960",
      archivePrefix  = "arXiv",
      primaryClass   = "astro-ph.CO",
      SLACcitation   = "%%CITATION = ARXIV:1312.4960;%%",
}

@article{Zahn:2005fn,
      author         = "Zahn, Oliver and Zaldarriaga, Matias and Hernquist, Lars
                        and McQuinn, Matthew",
      title          = "{The Influence of non-uniform reionization on the CMB}",
      journal        = "Astrophys.J.",
      volume         = "630",
      pages          = "657-666",
      doi            = "10.1086/431947",
      year           = "2005",
      eprint         = "astro-ph/0503166",
      archivePrefix  = "arXiv",
      primaryClass   = "astro-ph",
      SLACcitation   = "%%CITATION = ASTRO-PH/0503166;%%",
}

@article{Zahn:2006sg,
      author         = "Zahn, Oliver and Lidz, Adam and McQuinn, Matthew and
                        Dutta, Suvendra and Hernquist, Lars and others",
      title          = "{Simulations and Analytic Calculations of Bubble Growth
                        During Hydrogen Reionization}",
      journal        = "Astrophys.J.",
      volume         = "654",
      pages          = "12-26",
      doi            = "10.1086/509597",
      year           = "2006",
      eprint         = "astro-ph/0604177",
      archivePrefix  = "arXiv",
      primaryClass   = "astro-ph",
      SLACcitation   = "%%CITATION = ASTRO-PH/0604177;%%",
}

@article{Zahn:2010yw,
      author         = "Zahn, Oliver and Mesinger, Andrei and McQuinn, Matthew
                        and Trac, Hy and Cen, Renyue and others",
      title          = "{Comparison Of Reionization Models: Radiative Transfer
                        Simulations And Approximate, Semi-Numeric Models}",
      year           = "2010",
      eprint         = "1003.3455",
      archivePrefix  = "arXiv",
      primaryClass   = "astro-ph.CO",
      SLACcitation   = "%%CITATION = ARXIV:1003.3455;%%",
}

@article{Zahn:2011vp,
      author         = "Zahn, O. and Reichardt, C.L. and Shaw, L. and Lidz, A.
                        and Aird, K.A. and others",
      title          = "{Cosmic microwave background constraints on the duration
                        and timing of reionization from the South Pole Telescope}",
      journal        = "Astrophys.J.",
      volume         = "756",
      pages          = "65",
      doi            = "10.1088/0004-637X/756/1/65",
      year           = "2012",
      eprint         = "1111.6386",
      archivePrefix  = "arXiv",
      primaryClass   = "astro-ph.CO",
      SLACcitation   = "%%CITATION = ARXIV:1111.6386;%%",
}

@article{Zaldarriaga:2003du,
      author         = "Zaldarriaga, Matias and Furlanetto, Steven R. and
                        Hernquist, Lars",
      title          = "{21 Centimeter fluctuations from cosmic gas at high
                        redshifts}",
      journal        = "Astrophys.J.",
      volume         = "608",
      pages          = "622-635",
      doi            = "10.1086/386327",
      year           = "2004",
      eprint         = "astro-ph/0311514",
      archivePrefix  = "arXiv",
      primaryClass   = "astro-ph",
      SLACcitation   = "%%CITATION = ASTRO-PH/0311514;%%",
}

@article{Zaroubi:2012cy,
      author         = "Zaroubi, S. and de Bruyn, A.G. and Harker,
      G. and Thomas,
                        R.M. and Labropolous, P. and others",
      title          = "{Imaging neutral hydrogen on large-scales
      during the
                        Epoch of Reionization with LOFAR}",
      year           = "2012",
      eprint         = "1205.3449",
      archivePrefix  = "arXiv",
      primaryClass   = "astro-ph.CO",
      SLACcitation   = "%%CITATION = ARXIV:1205.3449;%%",
}

@ARTICLE{Zuo,
   author = {{Zuo}, L. and {Phinney}, E.~S.},
    title = "{Absorption by Discrete Intergalactic Clouds: Theory and Some Applications}",
  journal = {ApJ},
 keywords = {COSMOLOGY: OBSERVATIONS, GALAXIES: INTERGALACTIC MEDIUM, GALAXIES: QUASARS: ABSORPTION LINES},
     year = 1993,
    month = nov,
   volume = 418,
    pages = {28},
      doi = {10.1086/173367},
   adsurl = {http://adsabs.harvard.edu/abs/1993ApJ...418...28Z},
  adsnote = {Provided by the SAO/NASA Astrophysics Data System}
}

