%% Saved with string encoding Unicode (UTF-8) 

@article{name06,
	Author = {Name},
	Date-Added = {2007-09-06 11:30:06 +0200},
	Date-Modified = {2007-09-06 11:30:42 +0200},
	Journal = {Journal of Sth},
	Title = {Title},
	Year = {2006}}

@article{lastname07,
	Author = {Lastname},
	Date-Added = {2007-09-06 11:28:24 +0200},
	Date-Modified = {2007-09-06 11:29:24 +0200},
	Journal = {Journal of Sth},
	Title = {Title},
	Year = {2007}}


@article{Barkana:2000fd,
      author         = "Barkana, Rennan and Loeb, Abraham",
      title          = "{In the beginning: The First sources of light and the
                        reionization of the Universe}",
      journal        = "Phys.Rept.",
      volume         = "349",
      pages          = "125-238",
      doi            = "10.1016/S0370-1573(01)00019-9",
      year           = "2001",
      eprint         = "astro-ph/0010468",
      archivePrefix  = "arXiv",
      primaryClass   = "astro-ph",
      SLACcitation   = "%%CITATION = ASTRO-PH/0010468;%%",
}

@article{Beardsley:2012za,
      author         = "Beardsley, A.P. and Hazelton, B.J. and Morales, M.F. and
                        Arcus, W. and Barnes, D. and others",
      title          = "{The EoR Sensitivity of the 128 Antenna Murchison
                        Widefield Array}",
      year           = "2012",
      eprint         = "1204.3111",
      archivePrefix  = "arXiv",
      primaryClass   = "astro-ph.IM",
      SLACcitation   = "%%CITATION = ARXIV:1204.3111;%%",
}


@article{Bouwens:2009qs,
      author         = "Bouwens, R.J. and Illingworth, G.D. and Labbe, I. and
                        Oesch, P.A. and Trenti, M. and others",
      title          = "{A candidate redshift z ~ 10 galaxy and rapid changes in
                        that population at an age of 500 Myr}",
      journal        = "Nature",
      volume         = "469",
      pages          = "504-507",
      doi            = "10.1038/nature09717",
      year           = "2011",
      eprint         = "0912.4263",
      archivePrefix  = "arXiv",
      primaryClass   = "astro-ph.CO",
      SLACcitation   = "%%CITATION = ARXIV:0912.4263;%%",
}



@article{Bouwens:2011xu,
      author         = "Bouwens, R.J. and Illingworth, G.D. and Oesch, P.A. and
                        Trenti, M. and Labbe, I. and others",
      title          = "{Lower-Luminosity Galaxies could reionize the Universe:
                        Very Steep Faint-End Slopes to the UV Luminosity Functions
                        at z>=5-8 from the HUDF09 WFC3/IR Observations}",
      year           = "2011",
      eprint         = "1105.2038",
      archivePrefix  = "arXiv",
      primaryClass   = "astro-ph.CO",
      SLACcitation   = "%%CITATION = ARXIV:1105.2038;%%",
}

@article{Bowman:2005cr,
      author         = "Bowman, Judd D. and Morales, Miguel F. and Hewitt,
                        Jacqueline N.",
      title          = "{The Sensitivity of first generation epoch of
                        reionization observatories and their potential for
                        differentiating theoretical power spectra}",
      journal        = "Astrophys.J.",
      volume         = "638",
      pages          = "20-26",
      doi            = "10.1086/498703",
      year           = "2006",
      eprint         = "astro-ph/0507357",
      archivePrefix  = "arXiv",
      primaryClass   = "astro-ph",
      SLACcitation   = "%%CITATION = ASTRO-PH/0507357;%%",
}

@article{Bowman:2005hj,
      author         = "Bowman, Judd D. and Morales, Miguel F. and Hewitt,
                        Jacqueline N.",
      title          = "{Constraints on fundamental cosmological parameters with
                        upcoming epoch of reionization observations}",
      journal        = "Astrophys.J.",
      volume         = "661",
      pages          = "1-9",
      doi            = "10.1086/516560",
      year           = "2007",
      eprint         = "astro-ph/0512262",
      archivePrefix  = "arXiv",
      primaryClass   = "astro-ph",
      SLACcitation   = "%%CITATION = ASTRO-PH/0512262;%%",
}

@article{Bowman:2008mk,
      author         = "Bowman, Judd D. and Morales, Miguel F. and Hewitt,
                        Jacqueline N.",
      title          = "{Foreground Contamination in Interferometric Measurements
                        of the Redshifted 21 cm Power Spectrum}",
      journal        = "Astrophys.J.",
      volume         = "695",
      pages          = "183-199",
      doi            = "10.1088/0004-637X/695/1/183",
      year           = "2009",
      eprint         = "0807.3956",
      archivePrefix  = "arXiv",
      primaryClass   = "astro-ph",
      SLACcitation   = "%%CITATION = ARXIV:0807.3956;%%",

}

@article{Chapman:2012yj,
      author         = "Chapman, Emma and Abdalla, Filipe B. and Harker, Geraint
                        and Jelic, Vibor and Labropoulos, Panagiotis and others",
      title          = "{Foreground Removal using FastICA: A Showcase of
                        LOFAR-EoR}",
      journal        = "Mon.Not.Roy.Astron.Soc.",
      volume         = "423",
      pages          = "2518-2532",
      doi            = "10.1111/j.1365-2966.2012.21065.x",
      year           = "2012",
      eprint         = "1201.2190",
      archivePrefix  = "arXiv",
      primaryClass   = "astro-ph.CO",
      SLACcitation   = "%%CITATION = ARXIV:1201.2190;%%",
}

@article{Ciardi:2003hg,
      author         = "Ciardi, Benedetta and Madau, Piero",
      title          = "{Probing beyond the epoch of hydrogen reionization with
                        21 centimeter radiation}",
      journal        = "Astrophys.J.",
      volume         = "596",
      pages          = "1-8",
      doi            = "10.1086/377634",
      year           = "2003",
      eprint         = "astro-ph/0303249",
      archivePrefix  = "arXiv",
      primaryClass   = "astro-ph",
      SLACcitation   = "%%CITATION = ASTRO-PH/0303249;%%",
}

@article{Datta:2007nj,
      author         = "Datta, Kanan K. and Bharadwaj, Somnath and Choudhury, T.
                        Roy",
      title          = "{Detecting ionized bubbles in redshifted 21 cm maps}",
      journal        = "Mon.Not.Roy.Astron.Soc.",
      volume         = "382",
      pages          = "809",
      doi            = "10.1111/j.1365-2966.2007.12421.x",
      year           = "2007",
      eprint         = "astro-ph/0703677",
      archivePrefix  = "arXiv",
      primaryClass   = "ASTRO-PH",
      SLACcitation   = "%%CITATION = ASTRO-PH/0703677;%%",
}

@article{Datta:2008ry,
      author         = "Datta, Kanan K. and Majumdar, Suman and Bharadwaj,
                        Somnath and Choudhury, T. Roy",
      title          = "{Simulating the impact of HI fluctuations on matched
                        filter search for ionized bubbles in redshifted 21 cm
                        maps}",
      journal        = "Mon.Not.Roy.Astron.Soc.",
      volume         = "391",
      pages          = "1900",     
      year           = "2008",
      eprint         = "0805.1734",
      archivePrefix  = "arXiv",
      primaryClass   = "astro-ph",
      SLACcitation   = "%%CITATION = ARXIV:0805.1734;%%",
}

@article{Datta:2010pk,
      author         = "Datta, A. and Bowman, J.D. and Carilli, C.L.",
      title          = "{Bright Source Subtraction Requirements For Redshifted 21
                        cm Measurements}",
      journal        = "Astrophys.J.",
      volume         = "724",
      pages          = "526-538",
      doi            = "10.1088/0004-637X/724/1/526",
      year           = "2010",
      eprint         = "1005.4071",
      archivePrefix  = "arXiv",
      primaryClass   = "astro-ph.CO",
      SLACcitation   = "%%CITATION = ARXIV:1005.4071;%%",
}

@article{Datta:2011hv,
      author         = "Datta, Kanan K. and Mellema, Garrelt and Mao, Yi and
                        Iliev, Ilian T. and Shapiro, Paul R. and others",
      title          = "{Light cone effect on the reionization 21-cm power
                        spectrum}",
      year           = "2011",
      eprint         = "1109.1284",
      archivePrefix  = "arXiv",
      primaryClass   = "astro-ph.CO",
      SLACcitation   = "%%CITATION = ARXIV:1109.1284;%%",
}

@article{Dunkley:2008ie,
      author         = "Dunkley, J. and others",
      title          = "{Five-Year Wilkinson Microwave Anisotropy Probe (WMAP)
                        Observations: Likelihoods and Parameters from the WMAP
                        data}",
      collaboration  = "WMAP Collaboration",
      journal        = "Astrophys.J.Suppl.",
      volume         = "180",
      pages          = "306-329",
      doi            = "10.1088/0067-0049/180/2/306",
      year           = "2009",
      eprint         = "0803.0586",
      archivePrefix  = "arXiv",
      primaryClass   = "astro-ph",
      SLACcitation   = "%%CITATION = ARXIV:0803.0586;%%",
}

@article{Fan:2005es,
      author         = "Fan, Xiao-Hui and Strauss, Michael A. and Becker, Robert
                        H. and White, Richard L. and Gunn, James E. and others",
      title          = "{Constraining the evolution of the ionizing background
                        and the epoch of reionization with z~6 quasars. 2. a
                        sample of 19 quasars}",
      journal        = "Astron.J.",
      volume         = "132",
      pages          = "117-136",
      doi            = "10.1086/504836",
      year           = "2006",
      eprint         = "astro-ph/0512082",
      archivePrefix  = "arXiv",
      primaryClass   = "astro-ph",
      SLACcitation   = "%%CITATION = ASTRO-PH/0512082;%%",
}

@article{Friedrich:2012fy,
      author         = "Friedrich, Martina M. and Datta, Kanan K. and Mellema,
                        Garrelt and Iliev, Ilian T.",
      title          = "{Prospects of observing a quasar HII region during the
                        Epoch of Reionization with redshifted 21cm}",
      year           = "2012",
      eprint         = "1203.0517",
      archivePrefix  = "arXiv",
      primaryClass   = "astro-ph.CO",
      SLACcitation   = "%%CITATION = ARXIV:1203.0517;%%",
}


@article{Furlanetto:2004nh,
      author         = "Furlanetto, Steven and Zaldarriaga, Matias and Hernquist,
                        Lars",
      title          = "{The Growth of HII regions during reionization}",
      journal        = "Astrophys.J.",
      volume         = "613",
      pages          = "1-15",
      doi            = "10.1086/423025",
      year           = "2004",
      eprint         = "astro-ph/0403697",
      archivePrefix  = "arXiv",
      primaryClass   = "astro-ph",
      SLACcitation   = "%%CITATION = ASTRO-PH/0403697;%%",
}

@article{Furlanetto:2004ha,
      author         = "Furlanetto, Steven and Zaldarriaga, Matias and Hernquist,
                        Lars",
      title          = "{Statistical probes of reionization with 21 cm
                        tomography}",
      journal        = "Astrophys.J.",
      volume         = "613",
      pages          = "16-22",
      doi            = "10.1086/423028",
      year           = "2004",
      eprint         = "astro-ph/0404112",
      archivePrefix  = "arXiv",
      primaryClass   = "astro-ph",
      SLACcitation   = "%%CITATION = ASTRO-PH/0404112;%%",
}

@article{Furlanetto:2005xx,
      author         = "Furlanetto, Steven R. and Oh, S. Peng",
      title          = "{Taxing the rich: Recombinations and bubble growth during
                        reionization}",
      journal        = "Mon.Not.Roy.Astron.Soc.",
      volume         = "363",
      pages          = "1031-1048",
      doi            = "10.1111/j.1365-2966.2005.09505.x",
      year           = "2005",
      eprint         = "astro-ph/0505065",
      archivePrefix  = "arXiv",
      primaryClass   = "astro-ph",
      SLACcitation   = "%%CITATION = ASTRO-PH/0505065;%%",
}

@article{Furlanetto:2006jb,
      author         = "Furlanetto, Steven and Oh, S. Peng and Briggs, Frank",
      title          = "{Cosmology at Low Frequencies: The 21 cm Transition and
                        the High-Redshift Universe}",
      journal        = "Phys.Rept.",
      volume         = "433",
      pages          = "181-301",
      year           = "2006",
      eprint         = "astro-ph/0608032",
      archivePrefix  = "arXiv",
      primaryClass   = "astro-ph",
      SLACcitation   = "%%CITATION = ASTRO-PH/0608032;%%",
}

@article{Furlanetto:2006pg,
      author         = "Furlanetto, Steven and Lidz, Adam",
      title          = "{The Cross-Correlation of High-Redshift 21 cm and Galaxy
                        Surveys}",
      journal        = "Astrophys.J.",
      year           = "2006",
      eprint         = "astro-ph/0611274",
      archivePrefix  = "arXiv",
      primaryClass   = "astro-ph",
      SLACcitation   = "%%CITATION = ASTRO-PH/0611274;%%",
}


@article{Haehnelt:1995dg,
      author         = "Haehnelt, Martin G. and Tegmark, Max",
      title          = "{Using the kinematic Sunyaev-Zeldovich effect to
                        determine the peculiar velocities of clusters of
                        galaxies}",
      journal        = "Mon.Not.Roy.Astron.Soc.",
      volume         = "279",
      pages          = "545-556",
      year           = "1996",
      eprint         = "astro-ph/9507077",
      archivePrefix  = "arXiv",
      primaryClass   = "astro-ph",
      reportNumber   = "MPA-883",
      SLACcitation   = "%%CITATION = ASTRO-PH/9507077;%%",
}

@article{Harker:2009hg,
      author         = "Harker, Geraint and Zaroubi, Saleem and Bernardi, Gianni
                        and Brentjens, Michiel A. and de Bruyn, A.G. and others",
      title          = "{Non-parametric foreground subtraction for 21cm epoch of
                        reionization experiments}",
      journal        = "Mon.Not.Roy.Astron.Soc.",
      volume         = "397",
      pages          = "1138",
      year           = "2009",
      eprint         = "0903.2760",
      archivePrefix  = "arXiv",
      primaryClass   = "astro-ph.CO",
      SLACcitation   = "%%CITATION = ARXIV:0903.2760;%%",
}

@article{Harker:2010ht,
      author         = "Harker, Geraint and Zaroubi, Saleem and Bernardi, Gianni
                        and Brentjens, Michiel A. and de Bruyn, A.G. and others",
      title          = "{Power spectrum extraction for redshifted 21-cm epoch of
                        reionization experiments: the LOFAR case}",
      journal        = "Mon.Not.Roy.Astron.Soc.",
      volume         = "405",
      pages          = "2492-2504",
      year           = "2010",
      eprint         = "1003.0965",
      archivePrefix  = "arXiv",
      primaryClass   = "astro-ph.CO",
      SLACcitation   = "%%CITATION = ARXIV:1003.0965;%%",
}

@article{Hennawi:2004ai,
      author         = "Hennawi, Joseph F. and Spergel, David N.",
      title          = "{Mass selected cluster cosmology. 1: Tomography and
                        optimal filtering}",
      journal        = "Astrophys.J.",
      year           = "2004",
      eprint         = "astro-ph/0404349",
      archivePrefix  = "arXiv",
      primaryClass   = "astro-ph",
      SLACcitation   = "%%CITATION = ASTRO-PH/0404349;%%",
}



@article{Iliev:2005sz,
      author         = "Iliev, Ilian T. and Mellema, Garrelt and Pen, Ue-Li and
                        Merz, Hugh and Shapiro, Paul R. and others",
      title          = "{Simulating cosmic reionization at large scales. 1. the
                        geometry of reionization}",
      journal        = "Mon.Not.Roy.Astron.Soc.",
      volume         = "369",
      pages          = "1625-1638",
      doi            = "10.1111/j.1365-2966.2006.10502.x",
      year           = "2006",
      eprint         = "astro-ph/0512187",
      archivePrefix  = "arXiv",
      primaryClass   = "astro-ph",
      SLACcitation   = "%%CITATION = ASTRO-PH/0512187;%%",
}

@article{Komatsu:2010fb,
      author         = "Komatsu, E. and others",
      title          = "{Seven-Year Wilkinson Microwave Anisotropy Probe (WMAP)
                        Observations: Cosmological Interpretation}",
      collaboration  = "WMAP Collaboration",
      journal        = "Astrophys.J.Suppl.",
      volume         = "192",
      pages          = "18",
      doi            = "10.1088/0067-0049/192/2/18",
      year           = "2011",
      eprint         = "1001.4538",
      archivePrefix  = "arXiv",
      primaryClass   = "astro-ph.CO",
      SLACcitation   = "%%CITATION = ARXIV:1001.4538;%%",
}

@article{Kuhlen:2012vy,
      author         = "Kuhlen, M. and Faucher-Giguere, C.A.",
      title          = "{Concordance models of reionization: implications for
                        faint galaxies and escape fraction evolution}",
      year           = "2012",
      eprint         = "1201.0757",
      archivePrefix  = "arXiv",
      primaryClass   = "astro-ph.CO",
      SLACcitation   = "%%CITATION = ARXIV:1201.0757;%%",
}


@article{Lidz:2006vj,
      author         = "Lidz, Adam and Zahn, Oliver and McQuinn, Matthew and
                        Zaldarriaga, Matias and Dutta, Suvendra",
      title          = "{Higher Order Contributions to the 21 cm Power Spectrum}",
      journal        = "Astrophys.J.",
      volume         = "659",
      pages          = "865-876",
      doi            = "10.1086/511670",
      year           = "2007",
      eprint         = "astro-ph/0610054",
      archivePrefix  = "arXiv",
      primaryClass   = "astro-ph",
      SLACcitation   = "%%CITATION = ASTRO-PH/0610054;%%",
}
  

@article{Lidz:2007az,
      author         = "Lidz, Adam and Zahn, Oliver and McQuinn, Matthew and
                        Zaldarriaga, Matias and Hernquist, Lars",
      title          = "{Detecting the Rise and Fall of 21 cm Fluctuations with
                        the Murchison Widefield Array}",
      journal        = "Astrophys.J.",
      volume         = "680",
      pages          = "962-974",
      doi            = "10.1086/587618",
      year           = "2008",
      eprint         = "0711.4373",
      archivePrefix  = "arXiv",
      primaryClass   = "astro-ph",
      SLACcitation   = "%%CITATION = ARXIV:0711.4373;%%",
}

@article{Lidz:2008ry,
      author         = "Lidz, Adam and Zahn, Oliver and Furlanetto, Steven and
                        McQuinn, Matthew and Hernquist, Lars and others",
      title          = "{Probing Reionization with the 21 cm-Galaxy Cross Power
                        Spectrum}",
      journal        = "Astrophys.J.",
      volume         = "690",
      pages          = "252-266",
      doi            = "10.1088/0004-637X/690/1/252",
      year           = "2009",
      eprint         = "0806.1055",
      archivePrefix  = "arXiv",
      primaryClass   = "astro-ph",
      SLACcitation   = "%%CITATION = ARXIV:0806.1055;%%",
}

@article{Liu:2008mg,
      author         = "Liu, Adrian and Tegmark, Max and Zaldarriaga, Matias",
      title          = "{Will point sources spoil 21 cm tomography?}",
      year           = "2008",
      eprint         = "0807.3952",
      archivePrefix  = "arXiv",
      primaryClass   = "astro-ph",
      SLACcitation   = "%%CITATION = ARXIV:0807.3952;%%",
}

@article{Liu:2009qga,
      author         = "Liu, Adrian and Tegmark, Max and Bowman, Judd and Hewitt,
                        Jacqueline and Zaldarriaga, Matias",
      title          = "{An Improved Method for 21cm Foreground Removal}",
      year           = "2009",
      journal        = "Mon.Not.Roy.Astron.Soc.",
      volume         = "298",
      pages          = "401",
      eprint         = "0903.4890",
      archivePrefix  = "arXiv",
      primaryClass   = "astro-ph.CO",
      SLACcitation   = "%%CITATION = ARXIV:0903.4890;%%",
}

@article{Liu:2011ih,
      author         = "Liu, Adrian and Tegmark, Max",
      title          = "{How well can we measure and understand foregrounds with
                        21 cm experiments?}",
      journal        = "Mon.Not.Roy.Astron.Soc.",
      volume         = "419",
      pages          = "3491-3504",
      doi            = "10.1111/j.1365-2966.2011.19989.x",
      year           = "2012",
      eprint         = "1106.0007",
      archivePrefix  = "arXiv",
      primaryClass   = "astro-ph.CO",
      SLACcitation   = "%%CITATION = ARXIV:1106.0007;%%",
}

@book{Loeb2010,
      author         = "Loeb, Abraham",
      title          = "{How Did the First Stars and Galaxies Form?}",
      publisher      = "Princeton University Press",
      year           = "2010",
}

@article{Lonsdale:2009cb,
      author         = "Lonsdale, Colin J. and Cappallo, Roger J. and Morales,
                        Miguel F. and Briggs, Frank H. and Benkevitch, Leonid and
                        others",
      title          = "{The Murchison Widefield Array: Design Overview}",
      journal        = "IEEEP",
      volume         = "97",
      pages          = "1497",
      year           = "2009",
      eprint         = "0903.1828",
      archivePrefix  = "arXiv",
      primaryClass   = "astro-ph.IM",
      SLACcitation   = "%%CITATION = ARXIV:0903.1828;%%",
}

@article{Madau:1996cs,
      author         = "Madau, Piero and Meiksin, Avery and Rees, Martin J.",
      title          = "{21-CM tomography of the intergalactic medium at high
                        redshift}",
      journal        = "Astrophys.J.",
      volume         = "475",
      pages          = "429",
      doi            = "10.1086/303549",
      year           = "1997",
      eprint         = "astro-ph/9608010",
      archivePrefix  = "arXiv",
      primaryClass   = "astro-ph",
      SLACcitation   = "%%CITATION = ASTRO-PH/9608010;%%",
}



@article{Mao:2011xp,
      author         = "Mao, Yi and Shapiro, Paul R. and Mellema, Garrelt and
                        Iliev, Ilian T. and Koda, Jun and others",
      title          = "{Redshift Space Distortion of the 21cm Background from
                        the Epoch of Reionization I: Methodology Re-examined}",
      journal        = "Mon.Not.Roy.Astron.Soc.",
      volume         = "422",
      pages          = "926-954",
      doi            = "10.1111/j.1365-2966.2012.20471.x",
      year           = "2012",
      eprint         = "1104.2094",
      archivePrefix  = "arXiv",
      primaryClass   = "astro-ph.CO",
      SLACcitation   = "%%CITATION = ARXIV:1104.2094;%%",
}


@article{Marian:2008fd,
      author         = "Marian, Laura and Smith, Robert E. and Bernstein, Gary
                        M.",
      title          = "{The cosmology dependence of weak lensing cluster
                        counts}",
      journal        = "Astrophys.J.",
      volume         = "698",
      pages          = "L33-L36",
      doi            = "10.1088/0004-637X/698/1/L33",
      year           = "2009",
      eprint         = "0811.1991",
      archivePrefix  = "arXiv",
      primaryClass   = "astro-ph",
      SLACcitation   = "%%CITATION = ARXIV:0811.1991;%%",
}



@article{McQuinn:2005hk,
      author         = "McQuinn, Matthew and Zahn, Oliver and Zaldarriaga, Matias
                        and Hernquist, Lars and Furlanetto, Steven R.",
      title          = "{Cosmological parameter estimation using 21 cm radiation
                        from the epoch of reionization}",
      journal        = "Astrophys.J.",
      volume         = "653",
      pages          = "815-830",
      doi            = "10.1086/505167",
      year           = "2006",
      eprint         = "astro-ph/0512263",
      archivePrefix  = "arXiv",
      primaryClass   = "astro-ph",
      SLACcitation   = "%%CITATION = ASTRO-PH/0512263;%%",
}

@article{McQuinn:2006et,
      author         = "McQuinn, Matthew and Lidz, Adam and Zahn, Oliver and
                        Dutta, Suvendra and Hernquist, Lars and others",
      title          = "{The Morphology of HII Regions during Reionization}",
      journal        = "Mon.Not.Roy.Astron.Soc.",
      volume         = "377",
      pages          = "1043-1063",
      doi            = "10.1111/j.1365-2966.2007.11489.x",
      year           = "2007",
      eprint         = "astro-ph/0610094",
      archivePrefix  = "arXiv",
      primaryClass   = "astro-ph",
      SLACcitation   = "%%CITATION = ASTRO-PH/0610094;%%",
}

@article{Mesinger:2007pd,
      author         = "Mesinger, Andrei and Furlanetto, Steven",
      title          = "{Efficient Simulations of Early Structure Formation and
                        Reionization}",
      year           = "2007",
      eprint         = "0704.0946",
      archivePrefix  = "arXiv",
      primaryClass   = "astro-ph",
      SLACcitation   = "%%CITATION = ARXIV:0704.0946;%%",
}



@article{Mesinger:2010ne,
      author         = "Mesinger, Andrei and Furlanetto, Steven and Cen, Renyue",
      title          = "{21cmFAST: A Fast, Semi-Numerical Simulation of the
                        High-Redshift 21-cm Signal}",
      journal        = "MNRAS",
      volume         = "411",
      pages          = "955",
      year           = "2010",
      eprint         = "1003.3878",
      archivePrefix  = "arXiv",
      primaryClass   = "astro-ph.CO",
      SLACcitation   = "%%CITATION = ARXIV:1003.3878;%%",
}

@article{MiraldaEscude:1997qb,
      author         = "Miralda-Escude, Jordi",
      title          = "{Reionization of the intergalactic medium and the damping
                        wing of the Gunn-Peterson trough}",
      journal        = "Astrophys.J.",
      volume         = "501",
      pages          = "15-22",
      doi            = "10.1086/305799",
      year           = "1998",
      eprint         = "astro-ph/9708253",
      archivePrefix  = "arXiv",
      primaryClass   = "astro-ph",
      SLACcitation   = "%%CITATION = ASTRO-PH/9708253;%%",
}

@article{Morales:2003vn,
      author         = "Morales, Miguel F. and Hewitt, Jacqueline",
      title          = "{Toward epoch of re-ionization measurements with wide -
                        field LOFAR observations}",
      journal        = "Astrophys.J.",
      volume         = "615",
      pages          = "7-18",
      doi            = "10.1086/424437",
      year           = "2004",
      eprint         = "astro-ph/0312437",
      archivePrefix  = "arXiv",
      primaryClass   = "astro-ph",
      SLACcitation   = "%%CITATION = ASTRO-PH/0312437;%%",
}

@article{Morales:2012kf,
      author         = "Morales, Miguel F. and Hazelton, Bryna and Sullivan, Ian
                        and Beardsley, Adam",
      title          = "{Four Fundamental Foreground Power Spectrum Shapes for 21
                        cm Cosmology Observations}",
      journal        = "Astrophys.J.",
      volume         = "752",
      pages          = "137",
      year           = "2012",
      eprint         = "1202.3830",
      archivePrefix  = "arXiv",
      primaryClass   = "astro-ph.IM",
      SLACcitation   = "%%CITATION = ARXIV:1202.3830;%%",
}

@article{Mortlock:2011va,
      author         = "Mortlock, Daniel J. and Warren, Stephen J. and Venemans,
                        Bram P. and Patel, Mitesh and Hewett, Paul C. and others",
      title          = "{A luminous quasar at a redshift of z = 7.085}",
      journal        = "Nature",
      volume         = "474",
      pages          = "616",
      year           = "2011",
      eprint         = "1106.6088",
      archivePrefix  = "arXiv",
      primaryClass   = "astro-ph.CO",
      SLACcitation   = "%%CITATION = ARXIV:1106.6088;%%",
}

@article{Ouchi:2010,
      author         = "Ouchi, Masami and Shimasaku, Kazuhiro and Furusawa, Hisanori and others",
      title          = "{Statistics of 207 Ly$\alpha$ Emitters at a Redshift Near 7: Constraints
                        on Reionization and Galaxy Formation Models}",
      journal        = "Astrophys.J.",
      volume         = "723",
      pages          = "869",
      year           = "2010",
      eprint         = "1007.2961",
      archivePrefix  = "arXiv",
      primaryClass   = "astro-ph.CO",
      SLACcitation   = "%%CITATION = ARXIV:1007.2961;%%",
}

@article{Owen:1998dk,
      author         = "Owen, Benjamin J. and Sathyaprakash, B.S.",
      title          = "{Matched filtering of gravitational waves from
                        inspiraling compact binaries: Computational cost and
                        template placement}",
      journal        = "Phys.Rev.",
      volume         = "D60",
      pages          = "022002",
      doi            = "10.1103/PhysRevD.60.022002",
      year           = "1999",
      eprint         = "gr-qc/9808076",
      archivePrefix  = "arXiv",
      primaryClass   = "gr-qc",
      reportNumber   = "GRP-505",
      SLACcitation   = "%%CITATION = GR-QC/9808076;%%",
}


@article{Paciga:2010yy,
      author         = "Paciga, Gregory and Chang, Tzu-Ching and Gupta, Yashwant
                        and Nityanada, Rajaram and Odegova, Julia and others",
      title          = "{The GMRT Epoch of Reionization experiment: A New upper
                        limit on the neutral hydrogen power spectrum at z~8.6}",
      journal        = "Mon.Not.Roy.Astron.Soc.",
      volume         = "413",
      pages          = "1174-1183",
      doi            = "10.1111/j.1365-2966.2011.18208.x",
      year           = "2011",
      eprint         = "1006.1351",
      archivePrefix  = "arXiv",
      primaryClass   = "astro-ph.CO",
      SLACcitation   = "%%CITATION = ARXIV:1006.1351;%%",
}


@article{Parsons:2009in,
      author         = "Parsons, Aaron R. and Backer, Donald C. and Bradley,
                        Richard F. and Aguirre, James E. and Benoit, Erin E. and
                        others",
      title          = "{The Precision Array for Probing the Epoch of
                        Reionization: 8 Station Results}",
      year           = "2009",
      eprint         = "0904.2334",
      archivePrefix  = "arXiv",
      primaryClass   = "astro-ph.CO",
      SLACcitation   = "%%CITATION = ARXIV:0904.2334;%%",
}


@article{Parsons:2012qh,
      author         = "Parsons, Aaron R. and Pober, Jonathan C. and Aguirre,
                        James E. and Carilli, Christopher L. and Jacobs, Daniel C. and Moore, David
                        and others",
      title          = "{A Per-Baseline, Delay-Spectrum Technique for Accessing
                        the 21cm Cosmic Reionization Signature}",
      year           = "2012",
      eprint         = "1204.4749",
      archivePrefix  = "arXiv",
      primaryClass   = "astro-ph.IM",
      SLACcitation   = "%%CITATION = ARXIV:1204.4749;%%",
}

@article{Petrovic:2010me,
      author         = "Petrovic, Nada and Oh, S. Peng",
      title          = "{Systematic Effects of Foreground Removal in 21cm Surveys
                        of Reionization}",
      year           = "2010",
      eprint         = "1010.4109",
      archivePrefix  = "arXiv",
      primaryClass   = "astro-ph.CO",
      SLACcitation   = "%%CITATION = ARXIV:1010.4109;%%",
}

@book{NRecipes,
      author         = "Press, William and Teukolsky, Saul and Vetterling, William and Flannery, Brian",
      title          = "{Numerical Recipes in C++: The Art of Scientific Computing}",
      publisher      = "Cambridge University Press",
      year           = "2002",
}

@article{Schenker:2011ea,
      author         = "Schenker, M.A. and Stark, D.P and Ellis, R.S. and
                        Robertson, B.E. and Dunlop, J.S. and others",
      title          = "{Keck Spectroscopy of Faint 3<z<8 Lyman Break
                        Galaxies:- Evidence for a Declining Fraction of Emission
                        Line Sources In the Redshift Range 6<z<8}",
      journal        = "Astrophys.J.",
      volume         = "744",
      pages          = "179",
      doi            = "10.1088/0004-637X/744/2/179",
      year           = "2012",
      eprint         = "1107.1261",
      archivePrefix  = "arXiv",
      primaryClass   = "astro-ph.CO",
      SLACcitation   = "%%CITATION = ARXIV:1107.1261;%%",
}

@article{Shaver:1999gb,
      author         = "Shaver, P.A. and Windhorst, R.A. and Madau, P. and de
                        Bruyn, A.G.",
      title          = "{Can the reionization epoch be detected as a global
                        signature in the cosmic background?}",
      year           = "1999",
      eprint         = "astro-ph/9901320",
      archivePrefix  = "arXiv",
      primaryClass   = "astro-ph",
      SLACcitation   = "%%CITATION = ASTRO-PH/9901320;%%",
}

@article{Tingay:2012ps,
      author         = "Tingay, S.J. and Goeke, R. and Bowman, J.D. and Emrich,
                        D. and Ord, S.M. and others",
      title          = "{The Murchison Widefield Array: the Square Kilometre
                        Array Precursor at low radio frequencies}",
      year           = "2012",
      eprint         = "1206.6945",
      archivePrefix  = "arXiv",
      primaryClass   = "astro-ph.IM",
      SLACcitation   = "%%CITATION = ARXIV:1206.6945;%%",
}

@article{Totani:2005ng,
      author         = "Totani, Tomonori and Kawai, Nobuyuki and Kosugi, George
                        and Aoki, Kentaro and Yamada, Toru and others",
      title          = "{Implications for the cosmic reionization from the
                        optical afterglow spectrum of the gamma-ray burst 050904
                        at z = 6.3}",
      journal        = "Publ.Astron.Soc.Jap.",
      volume         = "58",
      pages          = "485-498",
      year           = "2006",
      eprint         = "astro-ph/0512154",
      archivePrefix  = "arXiv",
      primaryClass   = "astro-ph",
      SLACcitation   = "%%CITATION = ASTRO-PH/0512154;%%",
}

@article{Wang:2005zj,
      author         = "Wang, Xiao-Min and Tegmark, Max and Santos, Mario and
                        Knox, Lloyd",
      title          = "{Twenty-one centimeter tomography with foregrounds}",
      journal        = "Astrophys.J.",
      volume         = "650",
      pages          = "529-537",
      doi            = "10.1086/506597",
      year           = "2006",
      eprint         = "astro-ph/0501081",
      archivePrefix  = "arXiv",
      primaryClass   = "astro-ph",
      SLACcitation   = "%%CITATION = ASTRO-PH/0501081;%%",
}


@article{Wyithe:2004ta,
      author         = "Wyithe, J. Stuart B. and Loeb, Abraham",
      title          = "{Redshifted 21cm signatures around the highest redshift
                        quasars}",
      journal        = "Astrophys.J.",
      volume         = "610",
      pages          = "117-127",
      doi            = "10.1086/421042",
      year           = "2004",
      eprint         = "astro-ph/0401554",
      archivePrefix  = "arXiv",
      primaryClass   = "astro-ph",
      SLACcitation   = "%%CITATION = ASTRO-PH/0401554;%%",
}



@article{Wyithe:2007if,
      author         = "Wyithe, Stuart and Morales, Miguel F.",
      title          = "{Biased Reionisation and Non-Gaussianity in Redshifted
                        21cm Intensity Maps of the Reionisation Epoch}",
      journal        = "Mon.Not.Roy.Astron.Soc.",
      year           = "2007",
      eprint         = "astro-ph/0703070",
      archivePrefix  = "arXiv",
      primaryClass   = "ASTRO-PH",
      SLACcitation   = "%%CITATION = ASTRO-PH/0703070;%%",
}

@article{Zahn:2005fn,
      author         = "Zahn, Oliver and Zaldarriaga, Matias and Hernquist, Lars
                        and McQuinn, Matthew",
      title          = "{The Influence of non-uniform reionization on the CMB}",
      journal        = "Astrophys.J.",
      volume         = "630",
      pages          = "657-666",
      doi            = "10.1086/431947",
      year           = "2005",
      eprint         = "astro-ph/0503166",
      archivePrefix  = "arXiv",
      primaryClass   = "astro-ph",
      SLACcitation   = "%%CITATION = ASTRO-PH/0503166;%%",
}

@article{Zahn:2006sg,
      author         = "Zahn, Oliver and Lidz, Adam and McQuinn, Matthew and
                        Dutta, Suvendra and Hernquist, Lars and others",
      title          = "{Simulations and Analytic Calculations of Bubble Growth
                        During Hydrogen Reionization}",
      journal        = "Astrophys.J.",
      volume         = "654",
      pages          = "12-26",
      doi            = "10.1086/509597",
      year           = "2006",
      eprint         = "astro-ph/0604177",
      archivePrefix  = "arXiv",
      primaryClass   = "astro-ph",
      SLACcitation   = "%%CITATION = ASTRO-PH/0604177;%%",
}

@article{Zahn:2010yw,
      author         = "Zahn, Oliver and Mesinger, Andrei and McQuinn, Matthew
                        and Trac, Hy and Cen, Renyue and others",
      title          = "{Comparison Of Reionization Models: Radiative Transfer
                        Simulations And Approximate, Semi-Numeric Models}",
      year           = "2010",
      eprint         = "1003.3455",
      archivePrefix  = "arXiv",
      primaryClass   = "astro-ph.CO",
      SLACcitation   = "%%CITATION = ARXIV:1003.3455;%%",
}

@article{Zahn:2011vp,
      author         = "Zahn, O. and Reichardt, C.L. and Shaw, L. and Lidz, A.
                        and Aird, K.A. and others",
      title          = "{Cosmic microwave background constraints on the duration
                        and timing of reionization from the South Pole Telescope}",
      journal        = "Astrophys.J.",
      volume         = "756",
      pages          = "65",
      doi            = "10.1088/0004-637X/756/1/65",
      year           = "2012",
      eprint         = "1111.6386",
      archivePrefix  = "arXiv",
      primaryClass   = "astro-ph.CO",
      SLACcitation   = "%%CITATION = ARXIV:1111.6386;%%",
}

@article{Zaldarriaga:2003du,
      author         = "Zaldarriaga, Matias and Furlanetto, Steven R. and
                        Hernquist, Lars",
      title          = "{21 Centimeter fluctuations from cosmic gas at high
                        redshifts}",
      journal        = "Astrophys.J.",
      volume         = "608",
      pages          = "622-635",
      doi            = "10.1086/386327",
      year           = "2004",
      eprint         = "astro-ph/0311514",
      archivePrefix  = "arXiv",
      primaryClass   = "astro-ph",
      SLACcitation   = "%%CITATION = ASTRO-PH/0311514;%%",
}

@article{Zaroubi:2012cy,
      author         = "Zaroubi, S. and de Bruyn, A.G. and Harker,
      G. and Thomas,
                        R.M. and Labropolous, P. and others",
      title          = "{Imaging neutral hydrogen on large-scales
      during the
                        Epoch of Reionization with LOFAR}",
      year           = "2012",
      eprint         = "1205.3449",
      archivePrefix  = "arXiv",
      primaryClass   = "astro-ph.CO",
      SLACcitation   = "%%CITATION = ARXIV:1205.3449;%%",
}



